2392 3856
482 163 704 226 ..80-

252 330 288 384 ib.
354 346 421 388 cum
454 326 539 386 melle
573 326 737 386 decoctum.
781 326 904 404 quidam
941 325 979 386 ad
1012 345 1075 406 pam

220 428 324 490 32‚106.
353 423 480 478 utuntur
509 414 564 475 hac
593 416 821 492 compositione:
853 432 939 474 cerae
968 422 1002 474 et
1029 422 1075 476 tur

353 504 508 566 drachmas
536 506 666 583 vicenas,
699 521 821 582 spumae
851 505 967 580 argenti
1000 502 1075 565 dracl

354 613 416 655 mas
449 607 510 674 xn,
547 594 695 653 muricum
731 593 840 658 cineris
877 591 1034 653 drachmas
1064 607 1075 654 t

352 684 550 762 permiscetur
579 690 679 742 tusum
710 688 739 741 et
768 680 886 740 additur
910 698 945 740 eo
974 681 1034 741 olei
1054 700 1075 740 n

353 774 426 831 teris
449 770 575 830 hemina.

420 918 478 972 Ἦ.
502 918 557 972 Ad
579 919 737 973 strumas.

221 1030 325 1092 23‚130.
421 1017 559 1096 Capritici
586 1020 728 1078 corticem
755 1019 1007 1078 intumescentem
1027 1033 1075 1097 put

353 1105 483 1186 impubis
506 1109 532 1166 si
555 1107 687 1166 detracto
707 1124 789 1166 ramo
809 1105 891 1166 tollat
915 1104 1075 1167 dentibuse

354 1194 482 1256 medulla
500 1197 564 1274 ipsa
584 1194 721 1273 alligetur
740 1201 808 1255 ante
827 1193 897 1253 solis
917 1202 1016 1255 ortum
1028 1208 1075 1273 pto

238 1295 325 1358 3288.
354 1284 458 1345 hibere
486 1291 615 1344 strumas
644 1290 768 1344 constat.
806 1283 982 1358 echinorum
1008 1287 1075 1343 testa

354 1383 496 1435 contusae
525 1391 594 1434 oum
621 1372 749 1432 alumine
777 1391 814 1431 ex
846 1371 911 1430 olco
941 1379 1040 1432 vetere
1068 1388 1076 1429 t

222 1473 326 1536 tutat.
354 1463 445 1542 pulte.
482 1463 663 1522 nasturtium
686 1478 755 1520 cum
782 1460 912 1520 lomento
941 1460 1075 1520 contrittn

222 1561 326 1624 20‚241.
356 1551 544 1629 superposito
568 1548 638 1609 lolio
661 1548 797 1609 hederae.
830 1547 1016 1609 marrubium
1034 1565 1075 1608 out

84 1651 192 1719 22‚143.
221 1649 327 1712 talah
355 1637 449 1717 adipe.
484 1637 550 1697 lens
573 1639 605 1697 in
626 1644 709 1696 aceto
733 1638 872 1697 discocta.
907 1636 1075 1716 lupinume

222 1738 326 1802 23‚118.
355 1735 439 1788 aceto
467 1734 585 1786 coctum
618 1727 848 1805 contritumque.
891 1725 962 1786 folia
994 1726 1042 1785 fici
1070 1745 1075 1782 t

240 1828 326 1889 ahto.
354 1817 429 1877 ficus
447 1817 594 1876 inmatura
614 1833 672 1875 una
691 1821 758 1874 tusa
780 1812 984 1892 imponuntur.
1014 1831 1075 1874 suco

240 1917 326 1979 24,21.
354 1905 462 1985 pilulae
501 1907 636 1983 cupressi
672 1922 709 1962 ex
745 1903 901 1962 fermento.
946 1901 1075 1981 gelbaum

354 2012 409 2072 per
431 2012 464 2053 se
487 1995 658 2071 imponitur.
691 1991 869 2051 exulceratis
892 1993 1016 2051 strumis
1039 2008 1075 2051 nn

240 2093 326 2154 nupt.
355 2081 447 2141 stelae
474 2082 594 2158 sanguis
621 2079 766 2140 inlinitur.
812 2079 939 2140 mustela
966 2098 1004 2140 ex
1034 2080 1075 2139 rin

255 2171 291 2226 tt.
355 2168 485 2228 discocta
503 2169 674 2247 imponitur.
713 2167 829 2228 cocleae
848 2187 916 2228 cum
936 2170 999 2228 suis
1018 2175 1075 2228 test

240 2269 327 2330 30‚37.
355 2263 453 2317 tusae:
486 2256 521 2315 ad
549 2256 605 2315 hoe
633 2256 746 2315 faciunt
774 2259 885 2335 optime
909 2274 986 2334 quae
1008 2255 1075 2317 salic

254 2347 291 2402 ab.
354 2344 411 2405 bus
434 2343 603 2405 adhaerent.
636 2345 718 2404 cinis.
730 2344 840 2423 aspidis
859 2363 928 2405 cum
947 2363 1017 2405 sevo
1037 2351 1075 2404 tat

160 2522 175 2570 1
195 2532 282 2587 panas
298 2519 341 2587 pti
359 2517 514 2586 (paniculas
532 2517 587 2585 rb).
660 2521 675 2569 2
695 2515 800 2585 Recipe
820 2517 924 2582 (cerae.
936 2557 942 2568 .
954 2517 972 2584 .)
997 2514 1058 2570 odd.

124 2588 291 2658 3dragmas
308 2589 357 2657 pd.
384 2590 388 2657 1
413 2588 474 2657 (bis)
493 2588 624 2657 dragmas
641 2604 672 2655 p:
691 2586 710 2657 3
729 2588 755 2640 d.
829 2591 896 2640 beo
914 2603 945 2654 p:
967 2602 1022 2640 ona
1041 2585 1065 2640 d.

88 2658 130 2714 nt.
149 2658 194 2713 Ad
213 2662 334 2713 strumas
353 2659 383 2712 id
397 2661 439 2714 est
453 2658 554 2713 strofas
573 2657 686 2727 (scrofas
699 2658 758 2711 iod.
773 2658 863 2725 capp.)
883 2673 937 2725 que
951 2655 1075 2711 nascuntr

80 2726 118 2781 in
135 2730 253 2797 gutture¹
267 2744 297 2797 9,
316 2729 361 2782 Ad
380 2731 500 2783 strumas
520 2746 574 2797 que
592 2729 744 2788 nascuntur
761 2727 791 2781 in
810 2743 925 2797 corpore
944 2729 971 2782 d.
1019 2733 1033 2781 7
1052 2723 1075 2780 (lt

87 2798 186 2868 profici
202 2816 228 2868 p.
301 2804 318 2853 8
336 2798 457 2868 impubis
475 2816 514 2867 pr
532 2799 613 2867 (Pl.):
631 2798 734 2866 ipuber
752 2799 777 2853 d.
804 2801 808 2866 Ι
833 2798 960 2853 detracto
979 2816 1002 2852 r.
1020 2795 1075 2850 tollt

87 2869 161 2937 patr:
182 2868 308 2924 defracto
326 2887 347 2922 r.
368 2868 500 2924 dehabet
519 2870 564 2924 Pl.
638 2874 671 2922 10
690 2868 879 2923 Aechinorum
895 2885 921 2937 p.
988 2874 1020 2922 11
1040 2882 1075 2921 cu

88 2939 212 2995 alumine
232 2939 354 3007 (alumen
371 2941 399 3008 p)
420 2957 453 2994 ex
471 2937 504 2994 0.'
516 2958 541 2995 v.
562 2942 591 2994 et
608 2939 699 3008 pulte:
724 2957 758 2994 ex
780 2943 859 2994 aceto
879 2940 926 2992 Pl.
951 2940 1027 3008 (eum
1043 2935 1075 2992 nh

88 3010 164 3064 mine
179 3027 213 3064 ex
232 3010 303 3064 oleo.
332 3009 403 3064 folia
420 3010 523 3082 hederp
538 3015 588 3064 etc.
599 3027 623 3074 r,
641 3011 688 3064 scol
706 3011 740 3077 cf.
756 3012 796 3064 ibt
814 3012 877 3065 init.
892 3012 971 3079 cap).
1011 3006 1075 3063 1211

88 3083 183 3134 mento
197 3097 222 3149 p.
274 3085 307 3134 13
326 3097 436 3151 superp.
451 3081 470 3136 f.
485 3082 511 3136 h.
527 3096 578 3136 om.
594 3081 639 3134 Pl.
656 3083 660 3148 1
676 3080 893 3150 Marruuium,
907 3080 1075 3135 Marabiumc

89 3169 93 3178 ·
125 3156 159 3204 14
177 3149 268 3219 lupini
340 3151 414 3207 cocti
431 3169 454 3208 r.
528 3156 561 3205 15
581 3151 788 3220 contritumque
806 3169 836 3222 p:
856 3153 884 3206 et
904 3152 1075 3206 contritnmt

125 3226 157 3274 l't
201 3220 280 3276 illule
303 3224 350 3277 dr.
424 3229 457 3279 18
480 3238 581 3292 perse
610 3222 777 3278 exulceratis
805 3221 919 3278 strumis
941 3220 1075 3293 imponito

87 3291 180 3347 Maste
211 3311 226 3348 e
245 3311 265 3347 s.
279 3298 326 3350 etc.
344 3295 434 3376 pdrb.
454 3294 500 3349 aed
513 3293 679 3353 exulceratis
694 3295 812 3363 pertinet
830 3295 868 3348 ool
885 3309 937 3363 aeq.
956 3291 1075 3348 remeato

88 3364 225 3420 mustelae
253 3365 397 3435 sangumis
423 3381 472 3421 aec.
502 3366 546 3421 Pl.
580 3367 615 3432 (et
637 3365 730 3420 More.
755 3382 784 3434 p.
810 3368 880 3435 109).
971 3369 1004 3418 21
1032 3365 1075 3417 tuo

87 3433 209 3560 pdthoe
233 3437 292 3560 (pto)
313 3438 367 3505 μά,
395 3438 493 3492 tunsae
516 3436 552 3491 ad
576 3436 629 3491 hoc
647 3436 692 3492 rb.
718 3437 722 3504 l
752 3435 882 3490 salicibus
911 3435 1017 3504 (salinis
1040 3428 1075 3495 Μ,

100 3507 216 3562 meotis
264 3509 280 3563 l.
