<?xml version="1.0" encoding="UTF-8"?>
<!DOCTYPE html PUBLIC "-//W3C//DTD XHTML 1.0 Transitional//EN"
    "http://www.w3.org/TR/xhtml1/DTD/xhtml1-transitional.dtd">
<html xmlns="http://www.w3.org/1999/xhtml" xml:lang="en" lang="en">
 <head>
  <title>
</title>
<meta http-equiv="Content-Type" content="text/html;charset=utf-8" />
  <meta name='ocr-system' content='tesseract 3.04.00' />
  <meta name='ocr-capabilities' content='ocr_page ocr_carea ocr_par ocr_line ocrx_word'/>
</head>
<body>
  <div class='ocr_page' id='page_1' title='image "./pliniisecundiqu01plingoog_0206.png"; bbox 0 0 2392 3856; ppageno 0'>
   <div class='ocr_carea' id='block_1_1' title="bbox 524 151 766 216">
    <p class='ocr_par' dir='ltr' id='par_1_1' title="bbox 524 151 766 216">
     <span class='ocr_line' id='line_1_1' title="bbox 524 151 766 216; baseline 0 0"><span class='ocrx_word' id='word_1_1' title='bbox 524 151 766 216; x_wconf 85' lang='lat'>-194-</span> 
     </span>
    </p>
   </div>
   <div class='ocr_carea' id='block_1_2' title="bbox 242 313 1177 926">
    <p class='ocr_par' dir='ltr' id='par_1_2' title="bbox 244 313 1154 396">
     <span class='ocr_line' id='line_1_2' title="bbox 244 313 1154 396; baseline 0.007 -21"><span class='ocrx_word' id='word_1_2' title='bbox 244 313 319 376; x_wconf 91' lang='lat' dir='ltr'><strong>dunt</strong></span> <span class='ocrx_word' id='word_1_3' title='bbox 341 314 454 375; x_wconf 74' lang='lat' dir='ltr'><strong>renuis</strong></span> <span class='ocrx_word' id='word_1_4' title='bbox 481 313 622 375; x_wconf 86' lang='lat' dir='ltr'><strong>officium</strong></span> <span class='ocrx_word' id='word_1_5' title='bbox 658 332 695 375; x_wconf 83' lang='lat' dir='ltr'><strong>ex</strong></span> <span class='ocrx_word' id='word_1_6' title='bbox 723 314 832 393; x_wconf 81' lang='lat' dir='ltr'><strong>qrrihus</strong></span> <span class='ocrx_word' id='word_1_7' title='bbox 855 333 959 396; x_wconf 87' lang='lat' dir='ltr'><strong>aspera</strong></span> <span class='ocrx_word' id='word_1_8' title='bbox 982 319 1029 378; x_wconf 84' lang='lat' dir='ltr'><strong>vis</strong></span> <span class='ocrx_word' id='word_1_9' title='bbox 1052 335 1154 381; x_wconf 87' lang='lat' dir='ltr'><strong>eorum</strong></span> 
     </span>
    </p>

    <p class='ocr_par' dir='ltr' id='par_1_3' title="bbox 243 401 1155 483">
     <span class='ocr_line' id='line_1_3' title="bbox 243 401 1155 483; baseline 0.007 -20"><span class='ocrx_word' id='word_1_10' title='bbox 243 411 275 465; x_wconf 91' lang='lat' dir='ltr'><strong>et</strong></span> <span class='ocrx_word' id='word_1_11' title='bbox 296 405 427 482; x_wconf 87' lang='lat' dir='ltr'><strong>primum</strong></span> <span class='ocrx_word' id='word_1_12' title='bbox 449 401 530 481; x_wconf 74' lang='lat' dir='ltr'><strong>liguo</strong></span> <span class='ocrx_word' id='word_1_13' title='bbox 553 404 660 464; x_wconf 89' lang='lat' dir='ltr'><strong>sortita</strong></span> <span class='ocrx_word' id='word_1_14' title='bbox 682 403 925 483; x_wconf 80' lang='lat' dir='ltr'><strong>deprehenditur.</strong></span> <span class='ocrx_word' id='word_1_15' title='bbox 961 405 1033 467; x_wconf 83' lang='lat' dir='ltr'><strong>lolia</strong></span> <span class='ocrx_word' id='word_1_16' title='bbox 1059 414 1155 469; x_wconf 82' lang='lat' dir='ltr'><strong>tamm</strong></span> 
     </span>
    </p>

    <p class='ocr_par' dir='ltr' id='par_1_4' title="bbox 243 491 1156 573">
     <span class='ocr_line' id='line_1_4' title="bbox 243 491 1156 573; baseline 0.009 -22"><span class='ocrx_word' id='word_1_17' title='bbox 243 491 289 552; x_wconf 83' lang='lat' dir='ltr'><strong>vel</strong></span> <span class='ocrx_word' id='word_1_18' title='bbox 320 493 386 572; x_wconf 89' lang='lat' dir='ltr'><strong>ipsa</strong></span> <span class='ocrx_word' id='word_1_19' title='bbox 415 508 504 571; x_wconf 89' lang='lat' dir='ltr'><strong>poma</strong></span> <span class='ocrx_word' id='word_1_20' title='bbox 532 493 661 553; x_wconf 90' lang='lat' dir='ltr'><strong>contrita</strong></span> <span class='ocrx_word' id='word_1_21' title='bbox 692 500 723 553; x_wconf 90' lang='lat' dir='ltr'><strong>et</strong></span> <span class='ocrx_word' id='word_1_22' title='bbox 754 494 884 572; x_wconf 88' lang='lat' dir='ltr'><strong>inposita</strong></span> <span class='ocrx_word' id='word_1_23' title='bbox 915 493 1100 573; x_wconf 83' lang='lat' dir='ltr'><strong>spleneticos</strong></span> <span class='ocrx_word' id='word_1_24' title='bbox 1127 506 1156 559; x_wconf 88' lang='lat' dir='ltr'><strong>et</strong></span> 
     </span>
    </p>

    <p class='ocr_par' dir='ltr' id='par_1_5' title="bbox 242 578 1154 660">
     <span class='ocr_line' id='line_1_5' title="bbox 242 578 1154 660; baseline 0.005 -19"><span class='ocrx_word' id='word_1_25' title='bbox 242 579 422 660; x_wconf 79' lang='lat' dir='ltr'><strong>hydropicos</strong></span> <span class='ocrx_word' id='word_1_26' title='bbox 445 578 584 641; x_wconf 83' lang='lat' dir='ltr'><strong>adiuvare</strong></span> <span class='ocrx_word' id='word_1_27' title='bbox 603 582 805 643; x_wconf 87' lang='lat' dir='ltr'><strong>certissimum</strong></span> <span class='ocrx_word' id='word_1_28' title='bbox 824 589 878 643; x_wconf 91' lang='lat' dir='ltr'><strong>est.</strong></span> <span class='ocrx_word' id='word_1_29' title='bbox 911 581 1023 643; x_wconf 77' lang='lat' dir='ltr'><strong>radicis</strong></span> <span class='ocrx_word' id='word_1_30' title='bbox 1042 591 1076 645; x_wconf 89' lang='lat' dir='ltr'><strong>et</strong></span> <span class='ocrx_word' id='word_1_31' title='bbox 1093 603 1154 647; x_wconf 78' lang='lat' dir='ltr'><strong>cor</strong></span> 
     </span>
    </p>

    <p class='ocr_par' dir='ltr' id='par_1_6' title="bbox 244 667 1177 838">
     <span class='ocr_line' id='line_1_6' title="bbox 244 667 1177 749; baseline 0.004 -18"><span class='ocrx_word' id='word_1_32' title='bbox 244 671 312 731; x_wconf 89' lang='lat' dir='ltr'><strong>tieis</strong></span> <span class='ocrx_word' id='word_1_33' title='bbox 335 668 440 729; x_wconf 87' lang='lat' dir='ltr'><strong>eadem</strong></span> <span class='ocrx_word' id='word_1_34' title='bbox 461 669 556 730; x_wconf 79' lang='lat' dir='ltr'><strong>votus</strong></span> <span class='ocrx_word' id='word_1_35' title='bbox 579 667 719 749; x_wconf 88' lang='lat' dir='ltr'><strong>hahetur,</strong></span> <span class='ocrx_word' id='word_1_36' title='bbox 744 686 874 748; x_wconf 87' lang='lat' dir='ltr'><strong>quorum</strong></span> <span class='ocrx_word' id='word_1_37' title='bbox 892 689 985 733; x_wconf 89' lang='lat' dir='ltr'><strong>sucus</strong></span> <span class='ocrx_word' id='word_1_38' title='bbox 1007 690 1048 733; x_wconf 85' lang='lat' dir='ltr'><strong>ex</strong></span> <span class='ocrx_word' id='word_1_39' title='bbox 1069 673 1177 735; x_wconf 72' lang='lat' dir='ltr'><strong>medes</strong></span> 
     </span>
     <span class='ocr_line' id='line_1_7' title="bbox 244 758 1154 838; baseline 0.008 -20"><span class='ocrx_word' id='word_1_40' title='bbox 244 764 348 819; x_wconf 90' lang='lat' dir='ltr'><strong>coctus</strong></span> <span class='ocrx_word' id='word_1_41' title='bbox 370 758 478 818; x_wconf 80' lang='lat' dir='ltr'><strong>tussim</strong></span> <span class='ocrx_word' id='word_1_42' title='bbox 500 758 629 838; x_wconf 81' lang='lat' dir='ltr'><strong>mitigat,</strong></span> <span class='ocrx_word' id='word_1_43' title='bbox 651 774 720 819; x_wconf 91' lang='lat' dir='ltr'><strong>cnm</strong></span> <span class='ocrx_word' id='word_1_44' title='bbox 739 775 823 819; x_wconf 85' lang='lat' dir='ltr'><strong>mero</strong></span> <span class='ocrx_word' id='word_1_45' title='bbox 846 761 959 823; x_wconf 80' lang='lat' dir='ltr'><strong>mixtus</strong></span> <span class='ocrx_word' id='word_1_46' title='bbox 981 761 1080 823; x_wconf 87' lang='lat' dir='ltr'><strong>iecori</strong></span> <span class='ocrx_word' id='word_1_47' title='bbox 1097 781 1154 825; x_wconf 84' lang='lat' dir='ltr'><strong>me·</strong></span> 
     </span>
    </p>

    <p class='ocr_par' dir='ltr' id='par_1_7' title="bbox 244 844 865 926">
     <span class='ocr_line' id='line_1_8' title="bbox 244 844 865 926; baseline 0.003 -20"><span class='ocrx_word' id='word_1_48' title='bbox 244 846 346 926; x_wconf 88' lang='lat' dir='ltr'><strong>detur,</strong></span> <span class='ocrx_word' id='word_1_49' title='bbox 368 847 497 906; x_wconf 86' lang='lat' dir='ltr'><strong>vesicam</strong></span> <span class='ocrx_word' id='word_1_50' title='bbox 519 844 596 907; x_wconf 80' lang='lat' dir='ltr'><strong>levat</strong></span> <span class='ocrx_word' id='word_1_51' title='bbox 618 847 705 907; x_wconf 87' lang='lat' dir='ltr'><strong>urina</strong></span> <span class='ocrx_word' id='word_1_52' title='bbox 727 845 865 926; x_wconf 80' lang='lat' dir='ltr'><strong>largiore.</strong></span> 
     </span>
    </p>
   </div>
   <div class='ocr_carea' id='block_1_3' title="bbox 308 1043 662 1101">
    <p class='ocr_par' dir='ltr' id='par_1_8' title="bbox 308 1043 662 1101">
     <span class='ocr_line' id='line_1_9' title="bbox 308 1043 662 1101; baseline -0.003 -1"><span class='ocrx_word' id='word_1_53' title='bbox 308 1043 483 1101; x_wconf 74' lang='lat' dir='ltr'><strong>nvnn.</strong></span> <span class='ocrx_word' id='word_1_54' title='bbox 515 1045 565 1100; x_wconf 81' lang='lat' dir='ltr'><strong>De</strong></span> <span class='ocrx_word' id='word_1_55' title='bbox 587 1045 662 1100; x_wconf 77' lang='lat' dir='ltr'><strong>fleo.</strong></span> 
     </span>
    </p>
   </div>
   <div class='ocr_carea' id='block_1_4' title="bbox 141 1155 1187 2038">
    <p class='ocr_par' dir='ltr' id='par_1_9' title="bbox 141 1155 1187 2038">
     <span class='ocr_line' id='line_1_10' title="bbox 159 1155 1144 1245; baseline 0.005 -24"><span class='ocrx_word' id='word_1_56' title='bbox 159 1155 221 1211; x_wconf 80' lang='lat' dir='ltr'><strong>Gal.</strong></span> <span class='ocrx_word' id='word_1_57' title='bbox 311 1160 452 1222; x_wconf 86' lang='lat' dir='ltr'><strong>Ficorum</strong></span> <span class='ocrx_word' id='word_1_58' title='bbox 483 1169 589 1223; x_wconf 89' lang='lat' dir='ltr'><strong>natura</strong></span> <span class='ocrx_word' id='word_1_59' title='bbox 621 1161 799 1224; x_wconf 86' lang='lat' dir='ltr'><strong>calidissima</strong></span> <span class='ocrx_word' id='word_1_60' title='bbox 829 1172 889 1245; x_wconf 84' lang='lat' dir='ltr'><strong>est,</strong></span> <span class='ocrx_word' id='word_1_61' title='bbox 918 1164 974 1225; x_wconf 90' lang='lat' dir='ltr'><strong>sed</strong></span> <span class='ocrx_word' id='word_1_62' title='bbox 1002 1164 1078 1245; x_wconf 88' lang='lat' dir='ltr'><strong>quod</strong></span> <span class='ocrx_word' id='word_1_63' title='bbox 1108 1164 1144 1227; x_wconf 89' lang='lat' dir='ltr'><strong>ad</strong></span> 
     </span>
     <span class='ocr_line' id='line_1_11' title="bbox 141 1232 1150 1331; baseline 0.004 -21"><span class='ocrx_word' id='word_1_64' title='bbox 141 1232 332 1330; x_wconf 53' lang='lat' dir='ltr'><strong>“⁶⁷¹poma</strong></span> <span class='ocrx_word' id='word_1_65' title='bbox 358 1252 508 1331; x_wconf 83' lang='lat' dir='ltr'><strong>pertineat</strong></span> <span class='ocrx_word' id='word_1_66' title='bbox 534 1252 659 1311; x_wconf 90' lang='lat' dir='ltr'><strong>nimium</strong></span> <span class='ocrx_word' id='word_1_67' title='bbox 686 1250 860 1312; x_wconf 84' lang='lat' dir='ltr'><strong>recentibus</strong></span> <span class='ocrx_word' id='word_1_68' title='bbox 888 1254 1049 1314; x_wconf 80' lang='lat' dir='ltr'><strong>austeritas</strong></span> <span class='ocrx_word' id='word_1_69' title='bbox 1072 1254 1150 1314; x_wconf 87' lang='lat' dir='ltr'><strong>inest</strong></span> 
     </span>
     <span class='ocr_line' id='line_1_12' title="bbox 244 1339 1187 1423; baseline 0.004 -24"><span class='ocrx_word' id='word_1_70' title='bbox 244 1347 273 1399; x_wconf 90' lang='lat' dir='ltr'><strong>et</strong></span> <span class='ocrx_word' id='word_1_71' title='bbox 295 1339 363 1400; x_wconf 87' lang='lat' dir='ltr'><strong>ideo</strong></span> <span class='ocrx_word' id='word_1_72' title='bbox 386 1339 460 1400; x_wconf 76' lang='lat' dir='ltr'><strong>tales</strong></span> <span class='ocrx_word' id='word_1_73' title='bbox 484 1339 670 1400; x_wconf 88' lang='lat' dir='ltr'><strong>stomachum</strong></span> <span class='ocrx_word' id='word_1_74' title='bbox 692 1339 796 1401; x_wconf 85' lang='lat' dir='ltr'><strong>inflant</strong></span> <span class='ocrx_word' id='word_1_75' title='bbox 817 1348 848 1401; x_wconf 90' lang='lat' dir='ltr'><strong>et</strong></span> <span class='ocrx_word' id='word_1_76' title='bbox 870 1341 1013 1402; x_wconf 89' lang='lat' dir='ltr'><strong>intestina</strong></span> <span class='ocrx_word' id='word_1_77' title='bbox 1035 1348 1150 1423; x_wconf 90' lang='lat' dir='ltr'><strong>pertur-</strong></span> <span class='ocrx_word' id='word_1_78' title='bbox 1163 1355 1187 1395; x_wconf 84' lang='lat'><strong>¹⁰</strong></span> 
     </span>
     <span class='ocr_line' id='line_1_13' title="bbox 242 1428 1150 1509; baseline 0.004 -21"><span class='ocrx_word' id='word_1_79' title='bbox 242 1428 327 1509; x_wconf 78' lang='lat' dir='ltr'><strong>hant,</strong></span> <span class='ocrx_word' id='word_1_80' title='bbox 350 1428 465 1489; x_wconf 90' lang='lat' dir='ltr'><strong>modice</strong></span> <span class='ocrx_word' id='word_1_81' title='bbox 485 1428 620 1509; x_wconf 87' lang='lat' dir='ltr'><strong>quidem,</strong></span> <span class='ocrx_word' id='word_1_82' title='bbox 644 1446 712 1489; x_wconf 91' lang='lat' dir='ltr'><strong>nam</strong></span> <span class='ocrx_word' id='word_1_83' title='bbox 734 1431 834 1489; x_wconf 90' lang='lat' dir='ltr'><strong>statim</strong></span> <span class='ocrx_word' id='word_1_84' title='bbox 855 1447 911 1508; x_wconf 89' lang='lat' dir='ltr'><strong>per</strong></span> <span class='ocrx_word' id='word_1_85' title='bbox 928 1428 1031 1491; x_wconf 87' lang='lat' dir='ltr'><strong>alvum</strong></span> <span class='ocrx_word' id='word_1_86' title='bbox 1053 1428 1150 1492; x_wconf 79' lang='lat' dir='ltr'><strong>deum</strong></span> 
     </span>
     <span class='ocr_line' id='line_1_14' title="bbox 243 1519 1146 1599; baseline 0.003 -23"><span class='ocrx_word' id='word_1_87' title='bbox 243 1519 339 1577; x_wconf 90' lang='lat' dir='ltr'><strong>omnis</strong></span> <span class='ocrx_word' id='word_1_88' title='bbox 356 1519 473 1576; x_wconf 89' lang='lat' dir='ltr'><strong>iniuria.</strong></span> <span class='ocrx_word' id='word_1_89' title='bbox 513 1534 588 1595; x_wconf 88' lang='lat' dir='ltr'><strong>quae</strong></span> <span class='ocrx_word' id='word_1_90' title='bbox 607 1519 699 1596; x_wconf 80' lang='lat' dir='ltr'><strong>igitur</strong></span> <span class='ocrx_word' id='word_1_91' title='bbox 722 1519 901 1578; x_wconf 83' lang='lat' dir='ltr'><strong>maturiores</strong></span> <span class='ocrx_word' id='word_1_92' title='bbox 924 1527 1065 1599; x_wconf 87' lang='lat' dir='ltr'><strong>sumptae</strong></span> <span class='ocrx_word' id='word_1_93' title='bbox 1086 1528 1146 1581; x_wconf 87' lang='lat' dir='ltr'><strong>suut</strong></span> 
     </span>
     <span class='ocr_line' id='line_1_15' title="bbox 241 1604 1145 1685; baseline 0.006 -21"><span class='ocrx_word' id='word_1_94' title='bbox 241 1623 335 1684; x_wconf 92' lang='lat' dir='ltr'><strong>prope</strong></span> <span class='ocrx_word' id='word_1_95' title='bbox 357 1606 503 1665; x_wconf 88' lang='lat' dir='ltr'><strong>innocuae</strong></span> <span class='ocrx_word' id='word_1_96' title='bbox 523 1604 688 1665; x_wconf 89' lang='lat' dir='ltr'><strong>creduntur</strong></span> <span class='ocrx_word' id='word_1_97' title='bbox 705 1612 736 1666; x_wconf 90' lang='lat' dir='ltr'><strong>et</strong></span> <span class='ocrx_word' id='word_1_98' title='bbox 756 1622 866 1685; x_wconf 92' lang='lat' dir='ltr'><strong>corpus</strong></span> <span class='ocrx_word' id='word_1_99' title='bbox 884 1608 928 1666; x_wconf 90' lang='lat' dir='ltr'><strong>sic</strong></span> <span class='ocrx_word' id='word_1_100' title='bbox 946 1609 1042 1668; x_wconf 74' lang='lat' dir='ltr'><strong>sicini</strong></span> <span class='ocrx_word' id='word_1_101' title='bbox 1061 1610 1145 1669; x_wconf 81' lang='lat' dir='ltr'><strong>siccae</strong></span> 
     </span>
     <span class='ocr_line' id='line_1_16' title="bbox 168 1688 1151 1778; baseline 0.003 -24"><span class='ocrx_word' id='word_1_102' title='bbox 168 1688 213 1742; x_wconf 84' lang='lat' dir='ltr'><strong>Pl.</strong></span> <span class='ocrx_word' id='word_1_103' title='bbox 242 1694 386 1772; x_wconf 76' lang='lat' dir='ltr'><strong>saginant.</strong></span> <span class='ocrx_word' id='word_1_104' title='bbox 413 1702 501 1753; x_wconf 89' lang='lat' dir='ltr'><strong>antea</strong></span> <span class='ocrx_word' id='word_1_105' title='bbox 514 1692 642 1772; x_wconf 85' lang='lat' dir='ltr'><strong>denique</strong></span> <span class='ocrx_word' id='word_1_106' title='bbox 657 1692 784 1755; x_wconf 85' lang='lat' dir='ltr'><strong>athletae</strong></span> <span class='ocrx_word' id='word_1_107' title='bbox 799 1694 864 1757; x_wconf 89' lang='lat' dir='ltr'><strong>licis</strong></span> <span class='ocrx_word' id='word_1_108' title='bbox 877 1693 1046 1778; x_wconf 83' lang='lat' dir='ltr'><strong>alebantur,</strong></span> <span class='ocrx_word' id='word_1_109' title='bbox 1059 1698 1151 1776; x_wconf 89' lang='lat' dir='ltr'><strong>prius-</strong></span> 
     </span>
     <span class='ocr_line' id='line_1_17' title="bbox 144 1763 1187 1866; baseline -0.003 -24"><span class='ocrx_word' id='word_1_110' title='bbox 144 1763 330 1860; x_wconf 63' lang='lat' dir='ltr'><strong>23³⁶3·quam</strong></span> <span class='ocrx_word' id='word_1_111' title='bbox 359 1798 411 1843; x_wconf 85' lang='lat' dir='ltr'><strong>eos</strong></span> <span class='ocrx_word' id='word_1_112' title='bbox 437 1780 621 1861; x_wconf 79' lang='lat' dir='ltr'><strong>Pythagoras</strong></span> <span class='ocrx_word' id='word_1_113' title='bbox 648 1784 827 1844; x_wconf 86' lang='lat' dir='ltr'><strong>exercitatos</strong></span> <span class='ocrx_word' id='word_1_114' title='bbox 859 1782 894 1842; x_wconf 88' lang='lat' dir='ltr'><strong>ad</strong></span> <span class='ocrx_word' id='word_1_115' title='bbox 928 1785 1031 1849; x_wconf 90' lang='lat' dir='ltr'><strong>caruis</strong></span> <span class='ocrx_word' id='word_1_116' title='bbox 1057 1797 1187 1866; x_wconf 75' lang='lat' dir='ltr'><strong>usumin</strong></span> 
     </span>
     <span class='ocr_line' id='line_1_18' title="bbox 242 1869 1155 1951; baseline 0.002 -20"><span class='ocrx_word' id='word_1_117' title='bbox 242 1873 294 1949; x_wconf 91' lang='lat' dir='ltr'><strong>qui</strong></span> <span class='ocrx_word' id='word_1_118' title='bbox 316 1871 423 1932; x_wconf 84' lang='lat' dir='ltr'><strong>fortior</strong></span> <span class='ocrx_word' id='word_1_119' title='bbox 446 1869 531 1931; x_wconf 90' lang='lat' dir='ltr'><strong>cihus</strong></span> <span class='ocrx_word' id='word_1_120' title='bbox 554 1879 613 1951; x_wconf 86' lang='lat' dir='ltr'><strong>est,</strong></span> <span class='ocrx_word' id='word_1_121' title='bbox 643 1870 852 1933; x_wconf 78' lang='lat' dir='ltr'><strong>transtulisset</strong></span> <span class='ocrx_word' id='word_1_122' title='bbox 889 1872 987 1933; x_wconf 84' lang='lat' dir='ltr'><strong>siccae</strong></span> <span class='ocrx_word' id='word_1_123' title='bbox 1010 1875 1103 1935; x_wconf 89' lang='lat' dir='ltr'><strong>tritae</strong></span> <span class='ocrx_word' id='word_1_124' title='bbox 1124 1880 1155 1935; x_wconf 90' lang='lat' dir='ltr'><strong>et</strong></span> 
     </span>
     <span class='ocr_line' id='line_1_19' title="bbox 241 1958 1153 2038; baseline 0.004 -19"><span class='ocrx_word' id='word_1_125' title='bbox 241 1961 387 2038; x_wconf 88' lang='lat' dir='ltr'><strong>inpositae</strong></span> <span class='ocrx_word' id='word_1_126' title='bbox 411 1958 603 2021; x_wconf 82' lang='lat' dir='ltr'><strong>vehementes</strong></span> <span class='ocrx_word' id='word_1_127' title='bbox 626 1967 760 2020; x_wconf 89' lang='lat' dir='ltr'><strong>tumores</strong></span> <span class='ocrx_word' id='word_1_128' title='bbox 779 1967 832 2021; x_wconf 90' lang='lat' dir='ltr'><strong>aut</strong></span> <span class='ocrx_word' id='word_1_129' title='bbox 848 1967 1000 2021; x_wconf 90' lang='lat' dir='ltr'><strong>maturant</strong></span> <span class='ocrx_word' id='word_1_130' title='bbox 1023 1969 1078 2023; x_wconf 92' lang='lat' dir='ltr'><strong>aut</strong></span> <span class='ocrx_word' id='word_1_131' title='bbox 1096 1961 1153 2029; x_wconf 76' lang='lat' dir='ltr'><strong>dis,</strong></span> 
     </span>
    </p>
   </div>
   <div class='ocr_carea' id='block_1_5' title="bbox 166 2220 1179 2551">
    <p class='ocr_par' dir='ltr' id='par_1_10' title="bbox 166 2220 1179 2551">
     <span class='ocr_line' id='line_1_20' title="bbox 166 2220 1151 2300; baseline 0.005 -23"><span class='ocrx_word' id='word_1_132' title='bbox 166 2227 222 2294; x_wconf 75' lang='lat' dir='ltr'><strong>(ld)</strong></span> <span class='ocrx_word' id='word_1_133' title='bbox 304 2220 446 2277; x_wconf 84' lang='lat' dir='ltr'><strong>Zizilarum</strong></span> <span class='ocrx_word' id='word_1_134' title='bbox 468 2230 564 2278; x_wconf 78' lang='lat' dir='ltr'><strong>natura</strong></span> <span class='ocrx_word' id='word_1_135' title='bbox 588 2221 670 2279; x_wconf 90' lang='lat' dir='ltr'><strong>callda</strong></span> <span class='ocrx_word' id='word_1_136' title='bbox 693 2232 749 2294; x_wconf 85' lang='lat' dir='ltr'><strong>est,</strong></span> <span class='ocrx_word' id='word_1_137' title='bbox 773 2224 942 2281; x_wconf 87' lang='lat' dir='ltr'><strong>stomachum</strong></span> <span class='ocrx_word' id='word_1_138' title='bbox 965 2234 1098 2300; x_wconf 75' lang='lat' dir='ltr'><strong>gravant,</strong></span> <span class='ocrx_word' id='word_1_139' title='bbox 1118 2225 1151 2283; x_wconf 90' lang='lat' dir='ltr'><strong>si·</strong></span> 
     </span>
     <span class='ocr_line' id='line_1_21' title="bbox 241 2304 1151 2383; baseline 0.007 -21"><span class='ocrx_word' id='word_1_140' title='bbox 241 2307 289 2362; x_wconf 92' lang='lat' dir='ltr'><strong>tim</strong></span> <span class='ocrx_word' id='word_1_141' title='bbox 312 2313 431 2362; x_wconf 89' lang='lat' dir='ltr'><strong>movent.</strong></span> <span class='ocrx_word' id='word_1_142' title='bbox 474 2310 554 2381; x_wconf 88' lang='lat' dir='ltr'><strong>po&#39;ma</strong></span> <span class='ocrx_word' id='word_1_143' title='bbox 574 2306 635 2382; x_wconf 87' lang='lat' dir='ltr'><strong>ipsa</strong></span> <span class='ocrx_word' id='word_1_144' title='bbox 661 2304 771 2365; x_wconf 87' lang='lat' dir='ltr'><strong>diliicile</strong></span> <span class='ocrx_word' id='word_1_145' title='bbox 800 2308 971 2383; x_wconf 76' lang='lat' dir='ltr'><strong>digeruntur.</strong></span> <span class='ocrx_word' id='word_1_146' title='bbox 1009 2311 1151 2367; x_wconf 83' lang='lat' dir='ltr'><strong>veterrima</strong></span> 
     </span>
     <span class='ocr_line' id='line_1_22' title="bbox 240 2389 1179 2470; baseline 0.001 -25"><span class='ocrx_word' id='word_1_147' title='bbox 240 2389 336 2447; x_wconf 85' lang='lat' dir='ltr'><strong>viridia</strong></span> <span class='ocrx_word' id='word_1_148' title='bbox 357 2390 436 2447; x_wconf 88' lang='lat' dir='ltr'><strong>laclle</strong></span> <span class='ocrx_word' id='word_1_149' title='bbox 458 2391 565 2447; x_wconf 91' lang='lat' dir='ltr'><strong>urinam</strong></span> <span class='ocrx_word' id='word_1_150' title='bbox 580 2399 699 2448; x_wconf 87' lang='lat' dir='ltr'><strong>movent.</strong></span> <span class='ocrx_word' id='word_1_151' title='bbox 737 2391 803 2449; x_wconf 88' lang='lat' dir='ltr'><strong>lolia</strong></span> <span class='ocrx_word' id='word_1_152' title='bbox 818 2395 877 2449; x_wconf 89' lang='lat' dir='ltr'><strong>eius</strong></span> <span class='ocrx_word' id='word_1_153' title='bbox 898 2393 1041 2450; x_wconf 79' lang='lat' dir='ltr'><strong>tritanum</strong></span> <span class='ocrx_word' id='word_1_154' title='bbox 1063 2396 1179 2470; x_wconf 82' lang='lat' dir='ltr'><strong>pomlsu</strong></span> 
     </span>
     <span class='ocr_line' id='line_1_23' title="bbox 240 2474 1000 2551; baseline 0.003 -20"><span class='ocrx_word' id='word_1_155' title='bbox 240 2492 274 2531; x_wconf 80' lang='lat' dir='ltr'><strong>ex</strong></span> <span class='ocrx_word' id='word_1_156' title='bbox 296 2478 358 2533; x_wconf 89' lang='lat' dir='ltr'><strong>vino</strong></span> <span class='ocrx_word' id='word_1_157' title='bbox 381 2482 447 2549; x_wconf 88' lang='lat' dir='ltr'><strong>pota</strong></span> <span class='ocrx_word' id='word_1_158' title='bbox 468 2474 633 2551; x_wconf 88' lang='lat' dir='ltr'><strong>spleneticos</strong></span> <span class='ocrx_word' id='word_1_159' title='bbox 656 2485 684 2533; x_wconf 85' lang='lat' dir='ltr'><strong>et</strong></span> <span class='ocrx_word' id='word_1_160' title='bbox 706 2476 871 2551; x_wconf 80' lang='lat' dir='ltr'><strong>hydropicos</strong></span> <span class='ocrx_word' id='word_1_161' title='bbox 894 2482 1000 2534; x_wconf 88' lang='lat' dir='ltr'><strong>curant.</strong></span> 
     </span>
    </p>
   </div>
   <div class='ocr_carea' id='block_1_6' title="bbox 128 2763 1147 3404">
    <p class='ocr_par' dir='ltr' id='par_1_11' title="bbox 128 2763 1147 3404">
     <span class='ocr_line' id='line_1_24' title="bbox 128 2763 1147 2834; baseline 0.005 -16"><span class='ocrx_word' id='word_1_162' title='bbox 128 2790 131 2794; x_wconf 93' lang='lat'>·</span> <span class='ocrx_word' id='word_1_163' title='bbox 205 2772 223 2829; x_wconf 50' lang='grc'><strong>1,</strong></span> <span class='ocrx_word' id='word_1_164' title='bbox 243 2763 366 2819; x_wconf 86' lang='lat' dir='ltr'><strong>officium</strong></span> <span class='ocrx_word' id='word_1_165' title='bbox 385 2764 492 2819; x_wconf 84' lang='lat' dir='ltr'><strong>ventris</strong></span> <span class='ocrx_word' id='word_1_166' title='bbox 514 2765 559 2820; x_wconf 83' lang='lat' dir='ltr'><strong>rh.</strong></span> <span class='ocrx_word' id='word_1_167' title='bbox 583 2766 587 2832; x_wconf 91' lang='grc'>1</span> <span class='ocrx_word' id='word_1_168' title='bbox 612 2781 697 2834; x_wconf 82' lang='lat' dir='ltr'><strong>opero</strong></span> <span class='ocrx_word' id='word_1_169' title='bbox 715 2783 738 2822; x_wconf 86' lang='lat' dir='ltr'><strong>c.</strong></span> <span class='ocrx_word' id='word_1_170' title='bbox 808 2766 913 2821; x_wconf 74' lang='lat' dir='ltr'><strong>thino</strong></span> <span class='ocrx_word' id='word_1_171' title='bbox 935 2782 992 2821; x_wconf 85' lang='lat' dir='ltr'><strong>occ.</strong></span> <span class='ocrx_word' id='word_1_172' title='bbox 1010 2768 1046 2823; x_wconf 82' lang='lat' dir='ltr'><strong>d:</strong></span> <span class='ocrx_word' id='word_1_173' title='bbox 1074 2767 1147 2823; x_wconf 76' lang='lat' dir='ltr'><strong>nolis</strong></span> 
     </span>
     <span class='ocr_line' id='line_1_25' title="bbox 134 2834 1145 2910; baseline 0.003 -21"><span class='ocrx_word' id='word_1_174' title='bbox 134 2834 217 2904; x_wconf 81' lang='lat' dir='ltr'><strong>ziaipi</strong></span> <span class='ocrx_word' id='word_1_175' title='bbox 234 2835 282 2889; x_wconf 88' lang='lat' dir='ltr'><strong>vel</strong></span> <span class='ocrx_word' id='word_1_176' title='bbox 299 2835 317 2891; x_wconf 91' lang='lat' dir='ltr'><strong>i.</strong></span> <span class='ocrx_word' id='word_1_177' title='bbox 337 2853 410 2904; x_wconf 89' lang='lat' dir='ltr'><strong>p...</strong></span> <span class='ocrx_word' id='word_1_178' title='bbox 464 2836 991 2906; x_wconf 69' lang='lat' dir='ltr'><strong>tvelpold:om.rh.lspleniticos</strong></span> <span class='ocrx_word' id='word_1_179' title='bbox 1008 2839 1145 2910; x_wconf 54' lang='lat' dir='ltr'><strong>§misphe</strong></span> 
     </span>
     <span class='ocr_line' id='line_1_26' title="bbox 133 2904 1143 2977; baseline 0.005 -17"><span class='ocrx_word' id='word_1_180' title='bbox 133 2908 211 2961; x_wconf 87' lang='lat' dir='ltr'><strong>nicos</strong></span> <span class='ocrx_word' id='word_1_181' title='bbox 232 2906 277 2960; x_wconf 82' lang='lat' dir='ltr'><strong>rb.</strong></span> <span class='ocrx_word' id='word_1_182' title='bbox 342 2913 359 2959; x_wconf 83' lang='lat'>4</span> <span class='ocrx_word' id='word_1_183' title='bbox 381 2904 532 2974; x_wconf 81' lang='lat' dir='ltr'><strong>ydropicus</strong></span> <span class='ocrx_word' id='word_1_184' title='bbox 554 2908 631 2976; x_wconf 68' lang='grc' dir='ltr'><strong>φα),</strong></span> <span class='ocrx_word' id='word_1_185' title='bbox 653 2906 818 2977; x_wconf 76' lang='lat' dir='ltr'><strong>hidropicos</strong></span> <span class='ocrx_word' id='word_1_186' title='bbox 840 2924 865 2963; x_wconf 85' lang='lat' dir='ltr'><strong>o.</strong></span> <span class='ocrx_word' id='word_1_187' title='bbox 930 2914 946 2962; x_wconf 84' lang='lat'><strong>6</strong></span> <span class='ocrx_word' id='word_1_188' title='bbox 968 2909 1088 2966; x_wconf 80' lang='lat' dir='ltr'><strong>tussim:</strong></span> <span class='ocrx_word' id='word_1_189' title='bbox 1108 2909 1143 2965; x_wconf 74' lang='lat' dir='ltr'><strong>alt</strong></span> 
     </span>
     <span class='ocr_line' id='line_1_27' title="bbox 131 2976 1146 3052; baseline 0.008 -22"><span class='ocrx_word' id='word_1_190' title='bbox 131 2977 284 3046; x_wconf 78' lang='lat' dir='ltr'><strong>pold(rb).</strong></span> <span class='ocrx_word' id='word_1_191' title='bbox 340 2983 355 3030; x_wconf 81' lang='lat' dir='ltr'><strong>&#39;l</strong></span> <span class='ocrx_word' id='word_1_192' title='bbox 375 2976 496 3046; x_wconf 69' lang='lat' dir='ltr'><strong>largiore</strong></span> <span class='ocrx_word' id='word_1_193' title='bbox 514 2992 566 3046; x_wconf 76' lang='lat' dir='ltr'><strong>pu:</strong></span> <span class='ocrx_word' id='word_1_194' title='bbox 589 2977 626 3032; x_wconf 89' lang='lat' dir='ltr'><strong>·ri</strong></span> <span class='ocrx_word' id='word_1_195' title='bbox 642 2977 679 3032; x_wconf 82' lang='lat' dir='ltr'><strong>rh</strong></span> <span class='ocrx_word' id='word_1_196' title='bbox 705 2979 740 3046; x_wconf 84' lang='lat' dir='ltr'><strong>(r.</strong></span> <span class='ocrx_word' id='word_1_197' title='bbox 760 2979 844 3034; x_wconf 75' lang='lat' dir='ltr'><strong>levet.</strong></span> <span class='ocrx_word' id='word_1_198' title='bbox 869 2977 980 3033; x_wconf 79' lang='lat' dir='ltr'><strong>urinam</strong></span> <span class='ocrx_word' id='word_1_199' title='bbox 997 2979 1146 3052; x_wconf 72' lang='lat' dir='ltr'><strong>largiorem</strong></span> 
     </span>
     <span class='ocr_line' id='line_1_28' title="bbox 133 3046 1147 3120; baseline 0.005 -19"><span class='ocrx_word' id='word_1_200' title='bbox 133 3047 204 3103; x_wconf 84' lang='lat' dir='ltr'><strong>facil</strong></span> <span class='ocrx_word' id='word_1_201' title='bbox 221 3048 273 3118; x_wconf 82' lang='lat' dir='ltr'><strong>ld).</strong></span> <span class='ocrx_word' id='word_1_202' title='bbox 324 3053 340 3102; x_wconf 89' lang='lat'>8</span> <span class='ocrx_word' id='word_1_203' title='bbox 359 3046 408 3102; x_wconf 87' lang='lat' dir='ltr'><strong>sed</strong></span> <span class='ocrx_word' id='word_1_204' title='bbox 427 3047 545 3117; x_wconf 88' lang='lat' dir='ltr'><strong>quod-</strong></span> <span class='ocrx_word' id='word_1_205' title='bbox 558 3049 614 3118; x_wconf 84' lang='lat'>(16)</span> <span class='ocrx_word' id='word_1_206' title='bbox 629 3048 818 3105; x_wconf 82' lang='lat' dir='ltr'><strong>transtulisset</strong></span> <span class='ocrx_word' id='word_1_207' title='bbox 831 3065 881 3106; x_wconf 86' lang='lat' dir='ltr'><strong>om.</strong></span> <span class='ocrx_word' id='word_1_208' title='bbox 896 3049 923 3104; x_wconf 81' lang='lat' dir='ltr'><strong>d.</strong></span> <span class='ocrx_word' id='word_1_209' title='bbox 974 3055 991 3104; x_wconf 80' lang='grc'>9</span> <span class='ocrx_word' id='word_1_210' title='bbox 1009 3050 1147 3120; x_wconf 69' lang='lat' dir='ltr'><strong>pertinent</strong></span> 
     </span>
     <span class='ocr_line' id='line_1_29' title="bbox 131 3119 1145 3189; baseline 0.005 -17"><span class='ocrx_word' id='word_1_211' title='bbox 131 3120 197 3188; x_wconf 77' lang='lat' dir='ltr'><strong>pol:</strong></span> <span class='ocrx_word' id='word_1_212' title='bbox 221 3120 282 3173; x_wconf 84' lang='lat' dir='ltr'><strong>-uet</strong></span> <span class='ocrx_word' id='word_1_213' title='bbox 303 3119 348 3173; x_wconf 82' lang='lat' dir='ltr'><strong>rb.</strong></span> <span class='ocrx_word' id='word_1_214' title='bbox 404 3123 437 3172; x_wconf 80' lang='lat'><strong>12</strong></span> <span class='ocrx_word' id='word_1_215' title='bbox 461 3119 625 3174; x_wconf 73' lang='lat' dir='ltr'><strong>maturiores</strong></span> <span class='ocrx_word' id='word_1_216' title='bbox 644 3121 842 3189; x_wconf 70' lang='lat' dir='ltr'><strong>sumptae...</strong></span> <span class='ocrx_word' id='word_1_217' title='bbox 861 3121 1000 3177; x_wconf 69' lang='lat' dir='ltr'><strong>innocuae</strong></span> <span class='ocrx_word' id='word_1_218' title='bbox 1017 3124 1072 3179; x_wconf 80' lang='lat' dir='ltr'><strong>rb:</strong></span> <span class='ocrx_word' id='word_1_219' title='bbox 1093 3136 1145 3177; x_wconf 66' lang='lat' dir='ltr'><strong>mar</strong></span> 
     </span>
     <span class='ocr_line' id='line_1_30' title="bbox 131 3189 1103 3264; baseline 0.005 -20"><span class='ocrx_word' id='word_1_220' title='bbox 131 3190 239 3245; x_wconf 74' lang='lat' dir='ltr'><strong>tutiore</strong></span> <span class='ocrx_word' id='word_1_221' title='bbox 262 3190 374 3258; x_wconf 79' lang='lat' dir='ltr'><strong>sumpte</strong></span> <span class='ocrx_word' id='word_1_222' title='bbox 394 3230 401 3243; x_wconf 90' lang='lat'><strong>.</strong></span> <span class='ocrx_word' id='word_1_223' title='bbox 421 3231 427 3244; x_wconf 92' lang='lat'><strong>.</strong></span> <span class='ocrx_word' id='word_1_224' title='bbox 447 3230 454 3243; x_wconf 93' lang='lat'><strong><em>.</em></strong></span> <span class='ocrx_word' id='word_1_225' title='bbox 473 3189 669 3258; x_wconf 72' lang='lat' dir='ltr'><strong>innocuepvl</strong></span> <span class='ocrx_word' id='word_1_226' title='bbox 697 3192 758 3259; x_wconf 79' lang='lat' dir='ltr'><strong>(sed</strong></span> <span class='ocrx_word' id='word_1_227' title='bbox 779 3207 843 3247; x_wconf 78' lang='lat' dir='ltr'><strong>mox</strong></span> <span class='ocrx_word' id='word_1_228' title='bbox 871 3191 962 3247; x_wconf 81' lang='lat' dir='ltr'><strong>siccos</strong></span> <span class='ocrx_word' id='word_1_229' title='bbox 986 3196 1103 3264; x_wconf 65' lang='lat' dir='ltr'><strong>emutat</strong></span> 
     </span>
     <span class='ocr_line' id='line_1_31' title="bbox 133 3258 1144 3333; baseline 0.003 -19"><span class='ocrx_word' id='word_1_230' title='bbox 133 3267 166 3315; x_wconf 89' lang='lat'><strong>13</strong></span> <span class='ocrx_word' id='word_1_231' title='bbox 183 3262 212 3315; x_wconf 85' lang='lat' dir='ltr'><strong>et</strong></span> <span class='ocrx_word' id='word_1_232' title='bbox 225 3258 255 3315; x_wconf 91' lang='lat' dir='ltr'><strong>in</strong></span> <span class='ocrx_word' id='word_1_233' title='bbox 269 3277 369 3330; x_wconf 86' lang='lat' dir='ltr'><strong>corpus</strong></span> <span class='ocrx_word' id='word_1_234' title='bbox 382 3261 438 3328; x_wconf 77' lang='lat' dir='ltr'><strong>pul</strong></span> <span class='ocrx_word' id='word_1_235' title='bbox 455 3259 495 3330; x_wconf 84' lang='lat' dir='ltr'><strong>(in</strong></span> <span class='ocrx_word' id='word_1_236' title='bbox 508 3277 559 3315; x_wconf 85' lang='lat' dir='ltr'><strong>om.</strong></span> <span class='ocrx_word' id='word_1_237' title='bbox 572 3262 628 3328; x_wconf 77' lang='lat' dir='ltr'><strong>rh).</strong></span> <span class='ocrx_word' id='word_1_238' title='bbox 646 3263 650 3328; x_wconf 84' lang='lat' dir='ltr'><strong>l</strong></span> <span class='ocrx_word' id='word_1_239' title='bbox 671 3261 711 3314; x_wconf 89' lang='lat' dir='ltr'><strong>sic</strong></span> <span class='ocrx_word' id='word_1_240' title='bbox 726 3261 809 3317; x_wconf 90' lang='lat' dir='ltr'><strong>sicuti</strong></span> <span class='ocrx_word' id='word_1_241' title='bbox 822 3261 906 3331; x_wconf 69' lang='lat' dir='ltr'><strong>(deut</strong></span> <span class='ocrx_word' id='word_1_242' title='bbox 916 3264 949 3333; x_wconf 80' lang='lat' dir='ltr'><strong>l)=</strong></span> <span class='ocrx_word' id='word_1_243' title='bbox 963 3265 1004 3319; x_wconf 81' lang='lat' dir='ltr'><strong>st&#39;t</strong></span> <span class='ocrx_word' id='word_1_244' title='bbox 1016 3262 1144 3333; x_wconf 63' lang='lat' dir='ltr'><strong>potho).</strong></span> 
     </span>
     <span class='ocr_line' id='line_1_32' title="bbox 169 3330 1143 3404; baseline 0.004 -19"><span class='ocrx_word' id='word_1_245' title='bbox 169 3337 202 3386; x_wconf 84' lang='lat'><strong>14</strong></span> <span class='ocrx_word' id='word_1_246' title='bbox 221 3333 313 3386; x_wconf 84' lang='lat' dir='ltr'><strong>Antea</strong></span> <span class='ocrx_word' id='word_1_247' title='bbox 331 3331 358 3388; x_wconf 90' lang='lat' dir='ltr'><strong>d.</strong></span> <span class='ocrx_word' id='word_1_248' title='bbox 377 3331 484 3404; x_wconf 71' lang='lat' dir='ltr'><strong>athlete</strong></span> <span class='ocrx_word' id='word_1_249' title='bbox 504 3332 589 3400; x_wconf 72' lang='lat' dir='ltr'><strong>(tel)</strong></span> <span class='ocrx_word' id='word_1_250' title='bbox 607 3332 673 3401; x_wconf 73' lang='lat' dir='ltr'><strong>pol:</strong></span> <span class='ocrx_word' id='word_1_251' title='bbox 693 3332 814 3402; x_wconf 87' lang='lat' dir='ltr'><strong>denique</strong></span> <span class='ocrx_word' id='word_1_252' title='bbox 833 3333 959 3390; x_wconf 74' lang='lat' dir='ltr'><strong>athletae</strong></span> <span class='ocrx_word' id='word_1_253' title='bbox 977 3337 1065 3404; x_wconf 77' lang='lat' dir='ltr'><strong>euleu</strong></span> <span class='ocrx_word' id='word_1_254' title='bbox 1082 3330 1143 3403; x_wconf 73' lang='lat' dir='ltr'><strong>rh!</strong></span> 
     </span>
    </p>
   </div>
   <div class='ocr_carea' id='block_1_7' title="bbox 128 3403 1102 3569">
    <p class='ocr_par' dir='ltr' id='par_1_12' title="bbox 128 3403 1102 3569">
     <span class='ocr_line' id='line_1_33' title="bbox 131 3403 1102 3502; baseline 0.004 -20"><span class='ocrx_word' id='word_1_255' title='bbox 131 3429 191 3483; x_wconf 83' lang='lat' dir='ltr'><strong>licis</strong></span> <span class='ocrx_word' id='word_1_256' title='bbox 213 3445 264 3483; x_wconf 86' lang='lat' dir='ltr'><strong>om.</strong></span> <span class='ocrx_word' id='word_1_257' title='bbox 283 3430 305 3494; x_wconf 85' lang='lat' dir='ltr'><strong>l,</strong></span> <span class='ocrx_word' id='word_1_258' title='bbox 332 3429 382 3497; x_wconf 76' lang='lat' dir='ltr'><strong>qui</strong></span> <span class='ocrx_word' id='word_1_259' title='bbox 403 3429 513 3498; x_wconf 67' lang='lat' dir='ltr'><strong>ecrapsa‘t</strong></span> <span class='ocrx_word' id='word_1_260' title='bbox 535 3427 643 3485; x_wconf 84' lang='lat' dir='ltr'><strong>uhhlete</strong></span> <span class='ocrx_word' id='word_1_261' title='bbox 667 3403 845 3485; x_wconf 48' lang='lat' dir='ltr'><strong>&amp;letabuntur</strong></span> <span class='ocrx_word' id='word_1_262' title='bbox 872 3433 969 3502; x_wconf 78' lang='lat' dir='ltr'><strong>(sopra</strong></span> <span class='ocrx_word' id='word_1_263' title='bbox 988 3432 1054 3489; x_wconf 72' lang='lat' dir='ltr'><strong>add.</strong></span> <span class='ocrx_word' id='word_1_264' title='bbox 1073 3432 1102 3502; x_wconf 86' lang='lat'><strong>1).</strong></span> 
     </span>
     <span class='ocr_line' id='line_1_34' title="bbox 128 3502 403 3569; baseline 0.007 -17"><span class='ocrx_word' id='word_1_265' title='bbox 128 3506 166 3553; x_wconf 74' lang='grc'><strong>15</strong></span> <span class='ocrx_word' id='word_1_266' title='bbox 179 3502 338 3569; x_wconf 76' lang='lat' dir='ltr'><strong>pytagoras</strong></span> <span class='ocrx_word' id='word_1_267' title='bbox 354 3515 403 3568; x_wconf 76' lang='lat' dir='ltr'><strong>ys.</strong></span> 
     </span>
    </p>
   </div>
   <div class='ocr_carea' id='block_1_8' title="bbox 0 0 1200 3856">
    <p class='ocr_par' dir='ltr' id='par_1_13' title="bbox 0 0 1200 3856">
     <span class='ocr_line' id='line_1_35' title="bbox 0 0 1200 3856; baseline 0 4"><span class='ocrx_word' id='word_1_268' title='bbox 0 0 1200 3856; x_wconf 95' lang='lat' dir='ltr'><strong> </strong></span> 
     </span>
    </p>
   </div>
  </div>
 </body>
</html>
