2392 3856
529 145 771 210 -188—

319 367 459 424 xlm
490 368 539 424 De
561 366 704 437 persico.

167 477 230 534 Gal.
320 486 510 547 Persicorum
533 485 619 547 cibus
641 495 689 547 est
714 484 835 564 quidem
857 484 1011 546 stomacho
1038 486 1147 568 inutilis,

149 555 288 637 “meo
312 575 392 655 quod
415 577 473 636 cito
497 593 588 635 sucus
610 576 675 636 eius
698 577 847 635 inacescat
865 583 897 634 et
917 592 989 634 caro
1012 577 1146 654 aequein

251 663 416 744 digestione
439 665 573 744 vitietur,
596 681 700 724 verum
722 664 844 723 moine
866 663 979 744 gravis,
1006 662 1078 724 dum
1098 680 1147 724 non

251 752 365 813 diutins
382 753 414 812 in
436 753 587 814 intestinis
605 760 740 813 moratur
758 750 843 812 etad
862 752 922 811 ima
939 768 1061 832 semper
1078 754 1146 813 exitu

179 833 216 889 s'b.
253 839 397 902 celeriore
425 841 554 902 festinat
589 858 758 920 praecoqua
780 847 880 900 tamen
907 847 938 900 et
965 842 1096 901 mmenia
1114 838 1164 901 les

148 909 343 989 V¹’⁶⁹³·viora.
361 936 440 989 sunt.
480 930 580 989 minus
606 931 637 989 in
664 928 712 989 his
743 927 866 989 offendit
898 927 981 1006 quod
1012 930 1148 1008 suprain
1176 924 1190 1023 ’Ἰ

251 1014 413 1076 maioribus
431 1018 556 1095 persicis
575 1017 787 1078 adnotavimus.
822 1024 977 1077 ettamen
992 1034 1148 1096 praecoqua
1185 1026 1190 1111 1

250 1104 287 1165 ad
301 1103 459 1165 utilitatem
478 1107 613 1184 corporis
633 1106 773 1165 armeniis
786 1102 979 1167 antecedunt.
1000 1103 1143 1165 ideobacc
1186 1154 1189 1165 .

250 1195 339 1253 etiam
358 1194 455 1272 aegris
473 1195 594 1254 interim
613 1193 677 1254 dari
693 1201 833 1273 possunt,
852 1211 984 1271 quorum
996 1191 1143 1255 dumtamt
1186 1190 1190 1227 i

251 1282 386 1343 condicio
408 1283 588 1361 permiserit.
1156 1292 1178 1334 ll

316 1370 507 1432 Persicorum
539 1371 625 1431 cibus
660 1378 786 1449 negatur
818 1388 834 1429 a
865 1369 994 1430 medicis
1029 1367 1148 1429 membra

161 1466 224 1525 Gal.
249 1460 374 1520 nutrire.
411 1458 540 1520 Galenus
563 1458 668 1519 suadet
694 1452 866 1537 numquam'
882 1465 952 1537 post
975 1457 1077 1518 cibum
1095 1474 1145 1516 om

148 1545 326 1607 lam-nino
359 1564 493 1628 sumere,
524 1548 677 1626 corrumpi
708 1546 866 1607 adfirmans
889 1548 916 1606 si
942 1546 1021 1608 cibis
1053 1545 1142 1606 ceteris
1176 1590 1179 1595 .

165 1644 229 1700 Gal.
252 1636 400 1696 innatarit.
437 1635 507 1696 folia
528 1638 716 1715 persicorum
744 1637 868 1696 tritaet
893 1635 1027 1714 inposita
1050 1633 1144 1694 renuis
1179 1636 1184 1673 '-

142 1721 384 1784 ¹1t⁷6auimalia
410 1726 563 1803 perimunt
585 1735 616 1785 et
639 1723 798 1803 expellunt
835 1723 939 1784 eadem
961 1725 1045 1784 sicca
1072 1730 1180 1800 atquo

187 1829 203 1862 a
252 1813 283 1873 iu
306 1812 459 1893 pulverem
482 1821 570 1873 tunsa
592 1820 730 1873 recentes
756 1811 856 1891 plagas
879 1819 1077 1872 cruentorum
1097 1807 1149 1870 vul
1175 1888 1178 1893 Ι

150 1875 238 2016 2321.
253 1919 361 1962 nerum
384 1901 533 1962 claudunt.
570 1900 694 1962 nucleus
721 1901 907 1979 persicorum
934 1902 1042 1980 capitis
1066 1897 1151 1960 dolori

248 2153 352 2202 matura
380 2145 505 2203 coeliacis
524 2154 561 2203 —et
581 2145 759 2220 dysentericis
780 2156 808 2204 et
836 2149 996 2222 sanguinem
1023 2147 1152 2204 reicienti-

249 2227 301 2285 bus
323 2236 441 2304 prosunt
462 2230 488 2285 in
509 2229 570 2286 cibo
591 2237 706 2304 sumpta.
743 2241 820 2288 cocta
844 2233 976 2288 incinere
999 2231 1089 2289 calido
1110 2168 1190 2365 ob]

249 2313 342 2371 voluta
357 2313 384 2370 in
406 2313 492 2371 farina
507 2313 607 2370 dantur
628 2314 655 2369 in
671 2313 794 2372 febribus
809 2314 994 2372 laborantibus
1010 2316 1150 2372 diuturnis
1188 2356 1190 2361 -

249 2400 390 2457 stomacho
406 2399 546 2456 commoda
569 2404 641 2455 sunt.
678 2399 762 2457 incisa
781 2407 858 2456 cocta
881 2401 909 2456 in
930 2416 999 2474 aqua
1021 2400 1086 2457 dato
1101 2408 1150 2456 sto

248 2485 343 2542 nacho
372 2482 537 2541 dolentibus.
575 2485 665 2540 vinum
689 2500 784 2541 eorum
812 2483 1000 2562 dysentericos
1023 2483 1151 2541 coeliacos

248 2570 404 2625 nausiantes
432 2569 546 2645 stringit
572 2576 601 2625 et
633 2570 793 2642 sanguinem
820 2577 978 2643 expuentes.
1025 2579 1104 2626 cocta
1127 2567 1150 2622 in

248 2652 334 2708 mulsa
356 2655 420 2709 trita
443 2651 584 2710 stomacho
605 2654 724 2726 inposita
746 2652 913 2709 delectiones
936 2652 1050 2710 tollunt.
1125 2667 1134 2673 ·

212 2893 226 2940 1
247 2886 276 2940 P.
296 2886 410 2956 quidem
428 2886 508 2942 cibus
527 2891 569 2943 est
586 2886 695 2944 inutilis
712 2891 747 2944 st.
767 2889 784 2944 l.
840 2895 855 2943 2
876 2905 909 2945 eo
927 2889 965 2945 rb
980 2891 1033 2958 (ult
1052 2905 1104 2945 om.
1117 2886 1145 2944 ot

142 2955 303 3028 linacescat
319 2974 350 3028 9:
378 2960 521 3013 maccseet
537 2959 588 3026 rb,
614 2959 754 3015 inarescet
774 2961 814 3015 ol.
838 2964 842 3028 Ι
866 2959 1085 3030 indigestionem
1104 2962 1121 3016 l.

141 3033 157 3082 t
176 3027 309 3084 celeriore
328 3028 376 3097 (·ri
392 3031 420 3100 9)
438 3030 504 3099 polz
524 3029 692 3099 coierint!
714 3033 978 3102 praecoque-(10)
995 3029 1152 3100 permiserit

139 3100 206 3168 gol:
229 3115 279 3154 oen.
298 3101 343 3155 rb.
380 3099 420 3167 ef.
442 3101 476 3155 de
492 3102 657 3172 praecoquis
678 3106 704 3155 et
725 3103 856 3158 emunita
878 3103 897 3159 ι’.
920 3103 1076 3158 minorabus
1096 3117 1152 3172 per·

139 3170 204 3224 sicia
221 3171 315 3226 Diosc.
336 3177 422 3240 1‚1oo.
482 3177 498 3225 9
517 3171 604 3227 etiam
622 3188 672 3226 om.
692 3173 710 3226 l.
730 3174 734 3241 Ι
754 3175 857 3244 posunt
873 3188 899 3244 p.
920 3175 925 3242 Ι
944 3172 1013 3227 dum
1032 3176 1114 3229 taxat
1128 3187 1152 3243 9,

139 3266 177 3322 du
195 3269 276 3322 taxat
288 3285 317 3324 o:
336 3268 474 3324 duntaxat
487 3269 505 3324 l.
551 3273 584 3322 11
599 3251 711 3342 nigdtur
726 3271 742 3326 l.
790 3277 823 3325 12
838 3269 961 3327 Galenus
975 3268 1152 3339 (Galieuusl)

137 3339 205 3407 gol:
233 3339 283 3394 sed
305 3341 334 3394 ct
351 3339 474 3395 Galenus
497 3338 640 3408 (Gelienus
658 3341 683 3411 r)
702 3341 746 3398 rb.
768 3340 773 3412 Ι
792 3358 937 3411 nunquam
954 3341 1070 3398 omniuo
1092 3346 1153 3412 post

141 3407 234 3464 cibum
252 3410 297 3465 rb.
355 3416 387 3465 13
407 3409 556 3466 adfirmans
573 3427 619 3480 po.
641 3414 646 3481 Ι
667 3412 692 3467 si
709 3413 799 3481 golda
817 3412 847 3467 in
865 3413 910 3468 rb.
966 3418 1001 3467 14
1018 3411 1154 3468 innatant

140 3481 232 3549 gold:
251 3479 381 3535 iunatent
398 3482 443 3536 rb.
460 3486 464 3550 l
481 3481 580 3536 abhinc
598 3483 624 3538 d.
652 3480 825 3538 Persicorum
843 3483 913 3540 folie
930 3483 975 3539 rb.
