2392 3856
536 174 779 239 „142-

155 332 208 472 201,2
201 334 244 458 {3
321 377 396 433 VH.
428 379 477 434 Do
500 376 664 447 atriplice.

172 509 235 564 Gal.
323 496 454 577 dtriplex
472 496 589 558 umidae
614 506 701 574 atque
721 497 845 576 frigidae
870 496 1056 557 substantiae
1079 496 1165 559 holus

146 586 323 667 112843est,
352 586 478 665 amphus
506 593 606 646 tamen
628 604 664 646 ex
688 586 788 646 umido
816 585 958 665 possidet.
1000 591 1031 647 et
1054 594 1102 649 cst
1121 585 1158 647 illi
1187 638 1190 657 =

254 677 333 735 sieut
354 674 465 736 malvae
494 674 588 735 facilis
611 693 702 735 sucus
724 675 761 735 ad
788 673 912 754 lapsum.
948 673 1019 735 inde
1043 676 1076 734 in
1098 673 1157 737 cibo
1187 666 1190 721 ἶ

255 771 392 843 sumptus
419 762 584 824 indubitate
618 772 753 824 ventrem
783 762 912 824 resolvit.
959 761 1075 825 crudus
1103 766 1155 825 sito
1186 824 1190 833 ,

255 861 359 913 coctus
381 855 528 931 inpositus
547 852 672 912 duritias
695 870 798 912 omnes
817 870 851 912 ae
875 851 1055 913 furunculos
1073 858 1190 939 emdsss

253 939 448 1019 pernionibus
463 942 514 1018 qui
535 940 630 1000 adhuc
645 949 793 1022 aestuant,
817 950 978 1019 antequam
999 943 1033 1001 in
1057 941 1153 1003 vulnus

254 1036 411 1107 erumpant
434 1028 548 1089 utiliter
566 1031 728 1108 inponitur.
757 1028 879 1090 scabros
897 1047 1017 1108 ungues
1037 1033 1100 1091 sino
1113 1032 1151 1091 in

253 1119 330 1177 iuria
352 1116 462 1177 ulceris
486 1116 623 1178 detrahit.
660 1120 745 1197 ignes
764 1136 865 1180 sacros
888 1118 986 1199 sedat,
1016 1119 1145 1198 phlegrae
1177 1160 1184 1175 .

254 1205 402 1266 servorem
425 1224 494 1266 eum
517 1209 596 1266 nitro
620 1215 650 1267 et
673 1215 756 1268 aceto
785 1226 854 1268 cum
880 1207 968 1268 melle
993 1206 1142 1287 restinguit

254 1292 382 1354 Galenus
404 1294 440 1354 ad
465 1297 624 1374 arrrugines
645 1295 834 1375 expellendas
857 1298 926 1357 vino
950 1297 1062 1357 tritum
1077 1302 1105 1357 ot
1118 1295 1190 1385 inu·

252 1385 374 1462 potione
401 1383 581 1462 perductum
603 1385 753 1445 efficacius
775 1392 861 1464 putat
884 1402 987 1445 semen
1011 1387 1088 1447 eius.
1184 1392 1190 1497 ἶ

148 1573 252 1698 Ιὲῑὲέίέ,
320 1584 414 1639 vm.
446 1585 496 1639 Do
517 1583 667 1652 lapatho.

320 1699 469 1780 Lapathus
488 1701 598 1763 calidae
618 1711 647 1763 et
671 1711 806 1764 austerae
825 1705 944 1764 virtutis
963 1711 1023 1784 est,
1048 1710 1079 1764 et
1095 1690 1173 1785 ideo.

253 1792 285 1849 in
314 1789 380 1849 cibo
411 1799 529 1870 sumpta
551 1800 685 1852 ventrem
709 1793 857 1873 reprimit,
881 1790 1070 1852 stomachum
1091 1806 1153 1871 cou-¹
1165 1806 1168 1815 ·

252 1879 363 1960 firmat,
387 1887 490 1939 ructus
514 1882 635 1961 excitat,
659 1880 814 1942 confundit
835 1883 961 1940 urinam.
998 1898 1070 1941 cum
1092 1870 1190 2025 uno]

253 1966 414 2045 gallinaceo
441 1976 529 2028 tunsa
555 1969 707 2048 paniculas
735 1971 854 2048 rumpit.
896 1987 1000 2029 semen
1028 1987 1066 2030 ex
1087 1984 1153 2048 aqua

164 2112 167 2118 .
253 2054 300 2116 vel
327 2057 395 2115 vino
422 2064 526 2135 potum
559 2057 754 2137 dysentericis
782 2057 927 2118 subvenit.
969 2058 1153 2137 scorpionum
1178 2048 1190 2133 l

253 2146 375 2203 venenis
398 2144 589 2207 vehementer
607 2149 721 2208 resistit
739 2164 796 2207 nec
818 2147 903 2207 feriri
920 2145 1058 2209 creditur
1073 2160 1181 2226 pom-2

253 2233 395 2309 quiante
418 2237 653 2313 praesumpserit
676 2234 821 2296 eiusmodi
847 2236 1009 2313 potionem.
1047 2233 1152 2303 radicet

179 2468 237 2537 (32)
321 2464 442 2538 Atriplex
459 2464 592 2522 humidam
609 2473 637 2522 et
652 2465 776 2539 frigidam
792 2467 918 2521 virtutem
934 2462 1025 2521 habet.
1058 2457 1147 2527 inodo

256 2558 362 2622 sumpta
386 2559 505 2606 ventrem
533 2548 624 2605 solvit.
663 2552 724 2606 trita
754 2550 819 2606 lolia
842 2550 899 2605 eius
928 2547 1091 2607 furunculos
1109 2558 1170 2603 ott-t

255 2641 325 2688 rant.
363 2650 456 2690 semen
479 2635 538 2689 eius
550 2635 654 2690 'tritum
670 2650 733 2690 eum
749 2635 809 2690 vino
824 2634 949 2690 ictericos
973 2640 1062 2690 curat.
1094 2626 1147 2687 tob

253 2717 311 2772 eius
335 2719 397 2772 trita
419 2735 479 2773 eum
502 2717 631 2775 melleet
660 2720 731 2774 nitro
758 2718 896 2793 podagrae
918 2714 1056 2775 servorem
1077 2712 1144 2773 tollit
1187 2786 1190 2793 1

218 2959 231 3007 1
255 2953 369 3008 umidus
390 2971 418 3007 o:
446 2954 578 3009 humidae
595 2956 637 3026 pl.
657 2959 662 3024 Ι
686 2955 768 3010 holus
789 2956 850 3025 pol.
916 2961 933 3010 2
961 2971 995 3010 ex
1024 2946 1144 3024 (numid
1185 2975 1190 3021 t

144 3039 184 3092 po
194 3025 259 3093 (lb):
278 3024 314 3078 ab
328 3025 491 3080 humoribus
505 3044 528 3080 r.
579 3033 595 3080 3
610 3026 683 3081 sicut
695 3027 819 3082 malvae:
837 3026 893 3081 oid.
907 3042 1034 3096 saproc.
1052 3035 1105 3079 re.
1112 3022 1144 3075 tt

181 3095 460 3152 tPornioionibusl.
515 3097 651 3152 sulcaris
669 3099 736 3167 pol:
755 3114 804 3153 om.
823 3097 1032 3167 rbleoroel.
1053 3095 1118 3164 leit
1188 3102 1189 3110 ’

145 3171 161 3218 9
179 3166 329 3235 restinguit
345 3169 459 3236 petto:
485 3169 632 3236 restringit
653 3170 691 3223 rb
714 3171 762 3238 (ut
779 3185 866 3238 cupro
883 3184 907 3225 e.
931 3171 984 3238 m).
1050 3172 1084 3223 10
1101 3162 1142 3218 ll*

144 3235 310 3306 lienusptr).
327 3239 331 3307 Ι
348 3245 657 3310 aurugenesantecorr.
666 3256 692 3309 9.
729 3241 770 3294 et.
780 3240 911 3310 lapatho:
929 3239 1039 3310 lupatio
1047 3230 1142 3313 uoti).
1187 3256 1190 3317 t

143 3307 271 3378 loppetie
289 3310 349 3378 (aio)
368 3312 385 3365 l.
440 3317 474 3365 12
493 3311 639 3381 Lapathus
657 3327 716 3380 epo:
741 3311 928 3380 Lapatiump
950 3313 1029 3380 (post
1047 3302 1143 3364 vim
1189 3354 1190 3359 κ

145 3382 265 3449 estod),
284 3397 333 3435 om.
353 3383 392 3437 ol.
443 3388 477 3436 13
497 3385 609 3465 sumpta
626 3384 695 3451 pol:
714 3382 1081 3452 oumptnmrhlventm
1095 3386 1140 3457 02⁰¹
1170 3384 1173 3405 ¹

145 3453 742 3594 tractatuum}tot
765 3453 914 3578 tim
929 3452 982 3594 tl
1001 3442 1140 3589 u‘dt
