2392 3856
508 227 554 275 ‚-
601 191 646 257 aa
691 227 733 237 -

101 366 177 418 ante
210 372 333 415 somnos
361 353 491 415 colluere
519 372 572 414 ora
603 361 727 433 propter
757 353 866 415 halitus

100 445 220 524 frigida
244 443 317 505 utile
340 443 422 503 dicit.
459 441 528 503 lolia
555 443 652 522 fagina
675 443 865 503 commandu·
894 452 981 514 24‚14.

104 543 219 595 cantur
255 532 401 592 adversus
436 533 622 610 gingivarum
654 539 685 591 et
719 530 866 592 lubiorum

105 624 188 683 vitia.
228 639 324 700 aeque
344 618 412 680 lolia
431 618 501 679 rubi
517 622 549 681 in
568 637 628 698 qno
642 637 724 680 mora
739 638 864 680 nasenn-
893 629 998 691 natta.

79 721 169 772 stur.
209 709 346 771 eiusdem
373 710 494 787 generis
516 706 583 769 rubi
613 711 710 769 tenen’
733 711 865 788 pampini
893 709 1083 779 1411011111.)

109 800 325 877 decoquuntur
339 815 376 857 ex
395 798 465 856 vino
479 797 515 857 ad
533 798 639 858 tertias
659 798 749 875 idque
763 799 865 858 vinum

112 891 145 948 in
165 906 219 947 ore
238 889 417 948 continetur.
456 884 554 946 ulcera
577 884 756 964 plantaginis
775 904 866 946 sucus
893 893 998 958 tutat.

119 974 268 1056 emendat,
297 983 327 1036 et
360 974 431 1034 lolia
460 975 526 1052 eius
558 982 656 1055 cocta,
688 974 864 1053 radicesque

120 1065 183 1123 eius
214 1063 481 1124 commanducatae.
530 1061 700 1124 membrana
737 1081 774 1122 ex
810 1081 865 1123 ovo
888 1071 980 1143 11146.

80 1160 200 1212 1⁰oocto
229 1151 275 1213 rel
302 1152 396 1213 crudo
423 1151 556 1212 detracta
579 1150 726 1211 labiorum
749 1152 865 1211 fissuris

112 1240 262 1300 medetur.
312 1243 373 1300 oris
404 1239 528 1301 halitum
560 1238 698 1301 emendat
728 1242 866 1300 murinus
894 1246 980 1309 8037.

114 1330 192 1388 einis
206 1346 279 1388 cum
296 1327 380 1388 melle
393 1327 534 1389 dentibus
551 1328 715 1388 inlrieatus.
749 1328 865 1407 linguae
928 1327 965 1380 ab·

118 1415 223 1475 ulcera
257 1422 287 1474 et
316 1414 458 1478 labiorum
494 1415 671 1477 hirundines
701 1436 735 1477 ex
770 1416 866 1477 mulso

114 1511 221 1564 coctae
241 1511 352 1565 sanant.
387 1506 479 1585 adeps
497 1506 655 1565 anserinus
673 1513 724 1565 aut
742 1505 865 1584 gallinae
929 1503 965 1555 eb.

76 1603 99 1643 ¹⁵
113 1594 207 1652 rimas
234 1592 380 1654 emendat.
422 1595 447 1653 si
476 1594 619 1654 lerventia
647 1612 681 1653 os
708 1596 789 1654 intus
817 1612 864 1652 er·
929 1592 964 1646 ib.

112 1683 262 1762 usserint,
299 1683 442 1743 continuo
479 1689 599 1742 sanatur
635 1684 865 1761 gargarizatione

113 1769 199 1830 lactis
223 1771 330 1830 canini.
367 1771 510 1831 adversus
538 1771 682 1831 faetorem
709 1773 770 1830 oris
798 1769 866 1830 lolia
894 1776 999 1839 11111.

114 1860 203 1936 myrti
236 1866 268 1918 et
299 1858 418 1920 lentisci
449 1861 515 1939 pari
546 1858 678 1939 pondere
712 1867 742 1920 et
774 1857 864 1937 gallae

116 1948 245 2024 syriacae
270 1947 426 2008 dimidium
444 1947 561 2027 pondus
585 1965 643 2007 una
667 1949 724 2007 teri
748 1953 867 2026 oportet

77 2046 103 2085 ²0
117 2042 148 2093 et
170 2052 291 2114 aspersa
314 2038 383 2095 vino
406 2043 524 2097 vetusto
547 2037 692 2096 matutino
716 2033 865 2094 mandere.

115 2121 162 2182 vel
194 2121 324 2183 hederae
356 2123 444 2184 bacae
477 2142 546 2184 eum
580 2125 673 2184 cassia
706 2132 736 2183 et
768 2141 866 2202 myrra
928 2121 965 2175 ib·

115 2212 182 2290 pari
205 2210 338 2289 pondere
368 2231 488 2292 aspersa
511 2215 588 2273 vino.
625 2211 728 2272 eadem
752 2214 865 2272 ratione

115 2297 219 2359 idcera
252 2301 313 2359 oris
342 2301 547 2362 emendantur.
594 2300 650 2359 hoc
682 2309 712 2361 et
744 2301 780 2361 ad
807 2308 865 2360 sto-

115 2385 257 2446 machum
271 2390 394 2470 optime,
409 2389 462 2449 sed
476 2389 582 2450 melius
600 2406 753 2449 mororum
767 2389 866 2448 dome·
895 2397 999 2458 tunae

77 2484 102 2525 2⁶
117 2477 262 2536 eticorum
277 2479 398 2537 sextarii
411 2485 474 2538 tres
493 2477 552 2538 leni
571 2495 678 2557 vapore
697 2477 866 2556 decoquun-

192 2679 291 2735 adicit
303 2681 376 2751 qrb:
391 2682 463 2737 dixit
476 2684 503 2738 d.
520 2683 525 2754 1
541 2684 800 2738 conmunducantur
815 2684 874 2752 (aie)
888 2700 913 2752 9.
966 2679 1097 2737 tritium
1109 2682 1135 2736 d.

153 2752 272 2806 scocie
288 2767 339 2808 orn.
361 2752 406 2809 Pl.
433 2755 437 2822 Ι
463 2754 522 2808 eius
546 2769 596 2807 om.
620 2756 646 2809 d.
702 2760 717 2809 9
743 2754 997 2809 commanducatae·
1014 2753 1134 2823 aaron:

115 2821 347 2878 communicatae
367 2823 391 2878 b.
466 2831 498 2878 11
523 2824 644 2879 halitum
666 2826 720 2894 gb:
748 2825 853 2879 vicium
875 2825 901 2879 d.
924 2827 929 2894 Ι
959 2824 1086 2880 murinus
1101 2855 1134 2865 —

76 2942 79 2947 .
115 2890 263 2946 infricatus
286 2894 325 2961 gb
350 2893 395 2962 (cf.
419 2895 490 2949 idem
518 2911 551 2949 ex
576 2896 620 2952 Pl.
644 2897 754 2966 eupro):
783 2911 832 2951 om.
856 2897 876 2950 d
903 2897 985 2966 (certo
1012 2896 1135 2962 catallo,

114 2967 148 3016 ut
164 2963 288 3028 viduor,
307 2980 360 3032 ooo
379 2964 434 3018 oris
448 2963 553 3020 vicium
572 2967 704 3022 emendat
716 2968 754 3022 od
770 2968 869 3035 priora
886 2967 1022 3034 ferratae).
1049 2971 1135 3020 totum

113 3033 265 3087 menbrum
283 3048 334 3087 om.
353 3052 376 3089 r.
451 3041 484 3090 16
504 3039 618 3092 sanatur
639 3055 687 3108 gr:
716 3039 850 3121 sanantur
872 3040 919 3094 db.
994 3042 1026 3091 1⁵1
1046 3036 1134 3091 loeto·

114 3119 181 3229 deellle
193 3103 387 3230 {aljaltllnllrss
438 3111 606 3248 2122&qu
613 3108 934 3250 lelnllllbdbsfflglnellll
952 3180 978 3235 d.
1003 3113 1085 3233 2024111
1080 3125 1134 3233 Βῗὰ

116 3244 200 3326 (sid)
223 3245 326 3328 melius
344 3264 382 3301 m.
401 3246 625 3306 domesticorum.
663 3249 712 3305 sed
736 3252 776 3317 (ei
798 3251 827 3318 d)
846 3250 946 3305 melius
965 3265 1061 3306 eorum
1080 3264 1134 3316 que

114 3332 146 3369 m
169 3316 248 3370 rubas
271 3318 427 3372 naseuntur
448 3321 490 3388 gd
513 3322 596 3389 (emde
619 3321 667 3376 sed
690 3320 791 3376 melius
810 3321 834 3375 si
856 3339 920 3376 eum
938 3339 975 3378 m.
994 3320 1068 3374 dom.
1088 3317 1134 3372 rel

115 3387 192 3440 cerie
225 3402 322 3441 eornm
344 3392 390 3443 ete.
415 3391 471 3458 rb).
508 3408 577 3460 qnae
609 3392 721 3447 lcbrora'i
748 3393 891 3447 cuiusdam
918 3392 1016 3447 addita
1047 3388 1134 3456 expli·

115 3457 224 3511 cotim
241 3456 317 3523 folco
334 3459 501 3528 interpolata
518 3467 584 3516 aunt
616 3463 660 3531 (cf.
683 3463 768 3531 Pron
794 3463 890 3517 Frons
912 3461 1030 3530 Syoope.
1054 3459 1081 3528 tl.
1101 3459 1133 3512 el.

111 3543 144 3594 1).
165 3530 302 3597 tabaco).
376 3535 409 3584 25
429 3531 540 3586 nestorii
556 3549 582 3602 9.
