2392 3856
341 177 583 242 -141—

67 340 207 402 scendum
222 339 363 401 velociter
382 339 532 401 auriculae
551 340 684 401 dolorem
699 342 865 422 tepefactus

67 432 133 490 itur.
169 430 248 490 idem
275 447 366 489 sucus
389 436 419 516 et
442 428 561 490 dolores
584 429 718 490 dentium
741 433 864 513 mitigat,

67 521 118 578 ius
141 521 172 578 in
201 537 252 578 ore
282 525 427 578 teneatur.
470 518 522 578 sed
546 528 576 579 et
604 536 726 578 rosaceo
753 522 864 581 mixtus
970 578 973 583 .

67 609 145 667 tioni
168 609 304 686 corporis
327 606 463 666 admotus
486 606 616 667 febrium
635 609 795 686 restinguit
817 627 863 669 ar·

90 698 165 756 cinis
189 696 287 756 aridae
318 697 438 755 corticis
467 695 629 756 efficaciter
656 703 757 775 potest
784 715 863 758 com·

67 803 176 845 sanare.
210 784 338 844 eundem
358 786 490 844 cinerem
507 784 664 844 didicimus
683 784 720 844 ab
735 787 866 864 expertis
911 791 927 824 *

67 892 79 932 a
103 875 133 933 in
156 880 275 933 veretro
295 875 401 933 iamin
420 873 610 951 putredinem
628 891 714 934 versa
735 892 864 954 purgare

73 964 242 1022 cicatricem
265 980 360 1040 usque
384 961 558 1039 perducere.
601 961 789 1023 Dioscorides
817 981 862 1023 ra·
876 973 971 1029 Dioec.

89 1052 209 1111 corticis
236 1050 339 1110 viridis
370 1052 401 1108 in
430 1050 584 1111 cucurbita
616 1050 728 1133 laudat,
761 1069 865 1112 eorum
883 1050 971 1113 apol.

68 1158 82 1198 s
106 1141 148 1198 sic
168 1138 271 1199 tradit:
299 1140 427 1199 siriasim
450 1139 606 1200 infantium
625 1142 716 1219 capiti
736 1142 865 1219 inposita

67 1236 123 1307 mt,
155 1246 224 1288 cum
246 1226 365 1306 polenta
391 1227 538 1306 podagrae
567 1231 714 1288 aestuanti
737 1237 767 1289 et
789 1231 863 1308 igni-

67 1319 130 1376 toris
154 1335 222 1376 cum
245 1334 320 1394 pane
349 1314 537 1376 subveniunt.
575 1317 682 1376 semini
708 1319 789 1375 sicco
816 1315 866 1377 illa
911 1324 926 1356 *

67 1404 158 1465 {ditur
182 1413 215 1465 ut
245 1407 276 1464 in
303 1404 457 1484 pulverem
485 1412 608 1464 tunsum
636 1411 668 1463 et
694 1406 864 1482 inspersum

66 1501 77 1553 t
100 1493 223 1553 vulnera
246 1511 321 1572 quae
349 1501 449 1553 cavata
472 1500 550 1553 sunt.
589 1491 708 1571 quidam
732 1491 804 1552 illud
828 1511 865 1553 ex
911 1500 926 1533 *

67 1580 212 1642 ibendum
240 1581 400 1662 dederunt,
427 1589 461 1641 ut
483 1581 647 1641 solutiones
666 1581 722 1641 alvi
745 1581 864 1642 liuentis

67 1679 115 1730 ret.
143 1670 279 1731 viticulae
299 1687 418 1748 quoque
437 1669 610 1730 cucurbitae
630 1672 688 1730 iam
707 1687 864 1730 senescen-
911 1677 926 1710 *

67 1777 95 1818 m
118 1777 205 1837 passo
229 1766 317 1837 atque
346 1766 429 1819 aceto
458 1758 653 1837 dysentericis
680 1758 764 1819 datae
788 1761 863 1818 miro

68 1850 168 1907 saucia
192 1849 333 1908 intestina
356 1855 547 1926 componunt.

67 2005 164 2063 :urbita
194 2006 291 2081 frigida
320 2014 362 2063 est
391 2014 420 2062 et
448 2005 568 2064 humida.
600 2007 637 2075 'in
664 2004 724 2063 cibo
757 2013 864 2080 sumpta
884 2013 939 2081 (31)

67 2109 77 2147 ι
106 2090 203 2147 mollit.
239 2106 332 2147 rasura
355 2106 446 2147 earum
469 2090 613 2148 oculorum
639 2098 761 2148 tumores
783 2091 864 2149 tollit.

67 2191 111 2232 um
133 2175 243 2249 polenta
272 2174 408 2249 podagrae
437 2174 590 2233 tumoribus
611 2175 864 2237 medonensem

67 2277 126 2317 cum
148 2276 261 2317 rosaceo
284 2260 382 2315 mixtus
406 2262 511 2316 aurium
532 2259 655 2317 dolorem
674 2277 734 2317 cum
758 2268 864 2317 tumore

67 2345 131 2418 quia
154 2345 291 2401 humectat
313 2351 341 2399 et
362 2342 480 2402 deducit.
870 2357 875 2368 ·

67 2530 198 2586 uelociter
216 2536 241 2585 et
258 2546 321 2585 mon
338 2528 464 2584 dolorem
482 2544 532 2581 ooo.
550 2527 592 2582 dl.
647 2533 663 2580 2
682 2528 712 2581 et
728 2542 779 2580 om.
798 2527 825 2581 d.
842 2528 846 2593 Ι
861 2525 972 2581 dolores

67 2618 137 2656 -rem
155 2603 199 2657 rb.
255 2599 396 2656 trosacio
414 2615 452 2668 po
476 2599 597 2667 (semper,
618 2602 651 2651 ut
667 2598 700 2650 io
719 2596 936 2666 Pomdoplioio).

67 2673 145 2728 dores
163 2672 313 2742 restinguit
331 2672 357 2725 d.
374 2672 378 2738 1
398 2666 537 2753 restingui
564 2669 703 2794 poldon:
726 2665 872 2750 restringit
889 2668 937 2724 rb.

67 2762 75 2798 ι
97 2743 192 2799 aridae
216 2742 327 2798 corticis
349 2743 404 2811 gol
422 2740 535 2809 (Piso.):
588 2757 631 2794 ms
654 2738 749 2794 endec
767 2740 885 2794 oortroes
903 2739 970 2812 rol

67 2831 106 2884 po
131 2817 259 2885 (possunt
276 2815 336 2883 rb):
364 2814 471 2883 prestat
489 2813 574 2880 (pr-at)
593 2812 634 2866 ld.
695 2809 835 2893 tetenim
857 2811 887 2866 in
910 2810 972 2866 cibo

67 2901 90 2940 e
103 2892 168 2954 post
186 2901 285 2940 sonore
304 2885 367 2939 add.
386 2901 403 2938 r
421 2885 487 2952 (ooo
501 2883 535 2954 b).
553 2886 557 2952 l
573 2882 609 2936 ab
628 2883 750 2966 expertes
768 2898 819 2938 om.
833 2882 860 2938 d.
897 2889 973 2937 8us-

67 2954 328 3096 ”ἀι3ι1ι1ῗῖ8)ωήῗῗ
342 2949 973 3093 mepffitapppjpnmpfflprppmg:

175 3045 191 3082 r
224 3069 231 3081 .
338 3045 351 3081 s
582 3066 599 3091 .,
651 3066 657 3079 .
748 3067 754 3078 .
963 3054 973 3064 ·

67 3043 220 3168 plhirissim
230 3108 282 3168 po,
297 3095 463 3167 pthyriosim
479 3098 501 3165 l,
519 3095 667 3168 ptyrissim
676 3096 696 3150 d
701 3097 746 3165 (r),
759 3094 939 3164 phthiriasim
949 3095 973 3151 lt.

67 3169 156 3240 [niens
174 3169 326 3224 infantium
342 3168 386 3234 ol
408 3167 509 3238 ospiti:
536 3167 596 3249 cuti
615 3166 770 3250 poldlrlt).
787 3167 791 3234 Ι
811 3164 975 3236 impositam

102 3247 135 3323 il
154 3240 267 3324 ignitus
286 3238 358 3294 acris
376 3239 417 3294 ld.
469 3245 502 3294 12
518 3236 624 3294 Somsm
637 3253 712 3294 stooo
730 3254 761 3290 m
778 3237 893 3306 pulvere
905 3240 975 3322 ,tuso

67 3311 320 3453 {futuit
334 3308 711 3449 attendunt:
768 3313 803 3432 li
820 3310 974 3461 tidini}

67 3454 143 3594 Ἧι.
159 3454 301 3595 ppemcoop.
311 3454 363 3580 tled..
384 3524 390 3537 Ι
413 3455 546 3579 tl‘tdotquo
559 3453 625 3521 pois
644 3452 674 3506 et
687 3449 783 3518 d(rl›).
799 3451 804 3516 Ι
820 3448 974 3520 dysenteri-

127 3545 146 3595 y
189 3543 312 3582 ssesrn
341 3542 406 3580 nors
459 3567 465 3580 .
