2392 3856
379 165 597 229 -ῃ-

66 338 91 392 rt
103 335 314 413 comprimunt.
335 343 438 394 contra
453 333 643 395 collectiones
659 335 727 396 lolia
756 347 842 406 23:17.

67 423 99 481 ri
123 438 160 480 ex
183 423 250 482 rino
273 425 344 483 trita
367 424 569 502 imponuntur.
602 426 628 485 is
652 443 726 503 quae
790 428 826 482 ib.

67 509 132 570 uida
159 519 229 571 suut
256 510 378 571 oleastri
406 511 475 571 lolia
502 532 539 572 ex
562 512 648 572 melle
679 513 726 572 ad·

67 606 128 660 tur.
165 598 267 659 ulcera
293 602 443 660 manantia
471 600 570 661 oleum
593 601 726 680 amygda·
756 613 843 674 esea.

67 715 71 749 t
102 706 172 747 cum
201 690 269 748 rino
302 699 454 768 expurgat.
495 689 544 749 fici
576 708 727 750 ramorum
755 702 860 763 eante.

66 778 74 837 i
91 775 232 837 canaliculi
256 779 316 838 tusi
338 779 534 856 imponuntur
554 797 623 839 cum
642 779 726 838 melle

67 863 128 925 bus
163 883 238 943 quae
267 867 347 925 ceria
376 875 490 927 vocant.
537 869 727 927 carcinomati
755 879 851 939 astes

67 953 224 1015 uulnere
239 956 279 1014 sit
293 972 379 1032 quarn
395 957 619 1034 pinguissimam
637 958 726 1016 licum
755 949 814 1016 (0¹11·
834 953 859 1017 r)

67 1059 131 1103 aere
161 1041 310 1121 singulare
339 1043 504 1104 remedium
534 1053 588 1105 est.
634 1063 726 1106 nuces
754 1057 850 1119 2³‚148

67 1130 131 1191 ides
149 1139 321 1210 perveteres
341 1133 599 1194 commanducatae
619 1133 725 1194 ulceri·
754 1129 817 1194 (011·
834 1132 859 1196 r)

67 1219 208 1280 sedentur
221 1222 385 1299 impositae.
413 1221 496 1299 glans
515 1221 640 1282 roborea
655 1226 726 1283 trita
754 1233 823 1295 2451.

67 1311 191 1388 axungia
210 1309 334 1369 duritias
354 1327 427 1387 quas
446 1310 602 1370 cacoethes
622 1320 726 1370 coeant

67 1405 134 1457 ocat
157 1405 188 1457 et
210 1397 361 1458 emendat:
384 1397 491 1458 melius
512 1400 537 1457 si
557 1399 597 1457 sit
619 1397 726 1457 ilicina.

67 1483 130 1545 ibus
158 1503 233 1565 quae
262 1494 387 1564 serpunt
410 1494 440 1546 et
471 1504 546 1565 quae
574 1487 605 1545 in
628 1487 654 1545 is
678 1504 726 1545 ex·
755 1497 833 1558 etna

67 1582 119 1634 unt
154 1574 341 1653 spondylium
374 1592 443 1635 cum
479 1583 546 1635 ruta
581 1574 726 1637 inlinitur.
755 1569 815 1636 (⁰²³¹-
834 1569 860 1636 1)

67 1663 151 1723 rittia
175 1681 244 1723 cum
266 1662 352 1722 melle
376 1662 476 1722 ulcera
498 1671 606 1742 pingat
629 1664 727 1745 explet
755 1673 842 1734 1138.

67 1797 70 1810 .
97 1750 200 1811 eadem
220 1754 270 1830 pix
290 1770 357 1811 curn
374 1769 427 1811 uva
447 1770 532 1830 passa
551 1760 582 1811 et
600 1754 726 1830 axungia
753 1753 792 1808 ib.
811 1756 871 1821 (om.
891 1756 916 1821 r)

67 1838 131 1900 ibus
148 1839 391 1919 putrescentibus
415 1840 559 1899 medetur.
596 1858 673 1919 aqua
695 1843 726 1900 in
755 1850 841 1911 24,42.

67 1927 226 1988 lentiscum
258 1928 414 1989 decoctum
442 1936 488 1987 est
520 1927 619 1987 ulcera
650 1946 725 2007 quae

67 2023 104 2077 utt
130 2017 245 2078 utiliter
273 2018 419 2076 foventur.
460 2016 567 2095 pilulae
596 2016 632 2076 de
665 2016 724 2095 pla·
754 2027 841 2089 1144.

74 2111 158 2166 tusae
178 2104 336 2165 emendant
356 2112 471 2164 veteres
490 2104 667 2166 malandrias
690 2123 726 2165 ex

67 2241 74 2252 .
115 2192 226 2253 hedera
254 2212 289 2253 ex
318 2194 385 2252 vino
414 2192 536 2253 decocta
562 2195 726 2274 imponitur
754 2205 841 2266 etsta

67 2299 111 2341 un
133 2283 237 2359 generi
261 2281 404 2341 ulcerum.
441 2281 520 2341 idem
542 2290 673 2360 praestat
696 2289 727 2342 et
754 2290 831 2351 teet
852 2285 912 2352 (om.
932 2287 957 2351 r)

67 2370 169 2430 sucida
197 2389 233 2429 ex
255 2368 352 2429 melle.
389 2371 464 2429 cinis
494 2370 554 2429 timi
578 2369 726 2449 pecudum
754 2381 859 2442 conta.

86 2592 272 2662 compriment
290 2594 316 2647 d.
389 2592 463 2645 ais:
482 2592 526 2645 his
544 2591 633 2659 pdrb.
707 2595 777 2644 tex
795 2589 879 2644 melle
897 2606 948 2647 om.
966 2592 993 2645 d.

67 2662 162 2718 ‚banda
184 2664 249 2717 aunt
271 2664 297 2717 d.
384 2669 400 2716 o
424 2681 488 2717 cum
511 2660 586 2716 rino.
610 2677 643 2714 ex
665 2658 731 2714 rino
754 2662 892 2731 expurgat
914 2663 940 2716 d.

67 2732 111 2788 eia
132 2735 181 2803 qd.
207 2736 212 2801 Ι
237 2734 402 2789 carcinoma
423 2733 475 2802 ob,
500 2731 676 2787 Carnomasis
698 2731 725 2786 d.
784 2731 963 2802 eimponere
976 2749 994 2803 p

67 2805 120 2874 71.)ε
148 2805 187 2857 im
208 2821 260 2859 one
283 2806 332 2859 db.
406 2810 440 2858 10
453 2804 612 2874 perveteres
633 2803 672 2874 pb
696 2803 755 2872 (Μ,
776 2803 847 2873 Pl)=
875 2821 925 2860 om.
945 2806 992 2860 d.'

66 2877 132 2930 bus:
221 2875 314 2930 eribus
332 2875 403 2944 ydb.
476 2880 508 2928 11
528 2874 646 2929 roborea
662 2875 738 2944 pdb:
757 2874 792 2930 de
811 2875 910 2931 robore
929 2876 993 2930 cM.

69 2946 216 3001 cacoethes
237 2947 275 2999 M
292 2946 373 3014 (Pl.):
400 2945 567 3000 eechoetboa
583 2946 626 3014 gd
643 2941 820 3014 (κακοήθως
838 2947 867 3014 b,
890 2962 941 3002 om.
960 2950 994 3016 r).

69 3020 169 3072 evocat
186 3019 237 3086 qb:
257 3017 349 3072 elooat
362 3016 388 3069 d.
414 3015 419 3085 Ι
443 3015 684 3071 melius-ilicinis
700 3018 755 3087 gd:
780 3033 831 3071 orn.
851 3018 866 3073 b
885 3016 973 3086 (cM).

67 3124 69 3139 .
88 3088 134 3142 Pl.
186 3095 220 3142 14
233 3086 403 3141 Vulneribus
422 3088 441 3141 d
460 3087 517 3155 (sed
529 3103 666 3155 suprascr.
681 3103 751 3142 corr.
765 3088 905 3143 ulceribus
915 3113 949 3134 =
958 3091 995 3157 9).

67 3157 472 3298 bisdmbbrutialbrfpondbliiubb
486 3157 654 3284 {bubibndm
671 3159 732 3284 yblli
750 3159 934 3285 mbtelebbbtrffibl
947 3160 995 3230 ab,

67 3299 184 3355 utiscum
201 3301 255 3370 gd:
274 3316 335 3354 -cua
354 3299 397 3354 rb.
458 3306 490 3354 21
511 3299 667 3355 emendant.
700 3300 816 3355 Vermes
834 3301 939 3355 tollunt
957 3302 996 3364 (ot

67 3373 93 3440 d)
111 3371 252 3426 Malatusa
270 3371 356 3440 (mala
373 3373 436 3425 tusa
449 3372 498 3440 db)
518 3387 552 3425 ex
570 3371 653 3425 melle
666 3371 731 3439 pbd
748 3371 866 3439 (correxi
884 3386 917 3423 ca
936 3369 995 3423 Pl:

84 3458 135 3499 om.
156 3443 210 3509 M„
234 3443 332 3498 ultima
349 3441 587 3497 veteres-melle
609 3457 659 3496 om.
679 3444 715 3508 r).
788 3447 821 3494 23
845 3438 995 3509 generibus

67 3530 108 3568 xm
125 3531 155 3583 p,
175 3531 279 3584 genera
295 3513 437 3568 ulceribus
455 3514 475 3567 d
493 3513 568 3578 (boec
585 3528 636 3578 oya.
655 3512 690 3581 b).
