2392 3856
441 202 683 267 -151-

48 364 124 426 bari.
161 365 262 425 suffito
286 381 321 423 eo
345 363 523 426 feminarum
546 363 693 425 secundas
711 366 828 426 evocari
849 363 959 444 Hippo-

10 444 13 487 3
48 460 150 514 crates
168 459 272 514 auctor
290 458 345 511 est.
373 454 546 532 suspiriosis
560 452 681 531 quidem
700 470 754 532 per
773 470 805 512 se
825 452 961 533 crudum,

10 536 19 613 *t
48 540 145 621 aliqui
166 547 197 601 et
214 556 284 601 eum
301 538 377 600 lacte
396 543 501 602 tritum
520 540 676 602 dederunt.
714 539 830 601 Diocles
852 539 960 621 hydro·

10 616 17 641 “
45 628 126 711 picis
150 646 221 690 oum
242 635 403 689 centaureo
422 631 550 690 miscuit.
582 629 662 689 idem
680 629 833 689 freneticis
851 628 961 690 elixum

47 716 143 781 dedit
178 715 361 795 Praxagoras
385 717 441 778 aiio
463 719 506 779 its
530 736 603 778 usus
626 725 673 777 est
695 725 800 777 eontra
823 716 962 779 morbum

47 806 168 887 regium
199 807 231 865 iu
262 807 383 884 potione
411 808 479 866 viui.
526 804 619 866 viride
653 822 720 866 cum
753 805 904 866 coliandro
932 811 963 865 et

10 898 15 923 ²
46 894 105 957 ileo
140 892 242 954 datum
278 892 375 954 alvum
407 893 522 957 mollire
554 892 738 973 perhibetur.
789 895 896 955 tussim
932 901 963 954 et

51 982 268 1065 npimtiones
286 984 418 1060 pectoris
431 983 547 1061 mitigat
566 984 597 1042 iu
617 981 681 1042 iuba
697 989 824 1043 coctum.
853 981 964 1043 elixum

46 1068 228 1149 inlitumque
239 1069 425 1149 temporibus
435 1070 530 1131 dolori
540 1073 645 1151 eapitis
655 1070 827 1150 opitulatur.
846 1072 964 1132 aurium

13 1157 206 1223 nlaioribus
234 1174 325 1218 sucus
352 1175 421 1219 eum
445 1158 529 1238 adipe
560 1161 698 1220 anserino
726 1160 892 1238 tepefactus
919 1161 963 1219 iu·

46 1244 197 1311 mittor.
239 1248 414 1307 raucitatem
442 1250 523 1308 vocis
550 1247 741 1309 emendatio
765 1249 906 1327 pisoaut
932 1248 963 1307 in

38 1332 116 1399 'flia
146 1341 315 1415 sumptum,
347 1343 378 1395 et
405 1334 484 1414 quod
517 1334 553 1396 ad
580 1352 684 1396 rocem
712 1336 818 1396 attinet
845 1340 964 1396 coctum

10 1304 160 1575 ῐωᾶο,
183 1421 294 1483 elixum
316 1423 405 1484 sicoo'
420 1423 525 1485 utilius
548 1424 743 1484 existimatur.
771 1431 906 1483 tenesmo
927 1438 963 1482 ex

73 1518 81 1587 j
158 1518 277 1572 coctum
301 1511 446 1574 medetur.
482 1522 616 1574 tumores
640 1519 796 1590 suspectos
819 1528 856 1572 ex
879 1509 963 1589 adipe

51 1602 54 1607 '
138 1599 199 1661 lvit.

136 1811 226 1868 Alium
247 1811 367 1868 calidum
388 1820 430 1868 est
453 1819 482 1867 et
504 1811 613 1868 deducit
634 1821 661 1868 et
684 1811 825 1887 mingitur.
863 1826 963 1884 corpo·
982 1816 1038 1883 (td)

52 1896 125 1955 ritus
149 1896 259 1970 quidem
281 1894 385 1952 bonnm
407 1903 465 1966 est,
489 1895 575 1952 oculis
596 1911 660 1951 vero
676 1896 869 1970 perniciosum.
907 1910 964 1950 mo·

42 1974 95 2041 'ist
117 1980 192 2040 enlm
214 1988 335 2036 ventrem
360 1988 388 2036 et
410 1979 520 2037 deducit
542 1979 569 2036 id
592 1979 666 2054 quod
693 1978 843 2050 invenerit,
871 1976 966 2034 simui·

44 2050 105 2143 ξω
131 2070 161 2123 st
187 2064 291 2120 urinam
318 2072 425 2121 moret.
463 2063 550 2122 oeulis
578 2063 721 2139 caliginem
750 2063 821 2119 iacit.
856 2071 964 2120 coetum

52 2128 141 2207 bnon
163 2147 312 2207 invalidum
333 2155 383 2205 est.
422 2147 499 2205 indat
521 2155 611 2205 autem
633 2147 723 2206 calore
745 2164 797 2204 suo
819 2155 847 2205 et
868 2155 965 2204 rautoa

10 2242 14 2261 '
52 2241 153 2292 meet.
185 2230 343 2290 iemiuarum
360 2232 493 2289 secundas
509 2235 613 2291 evocat.
649 2242 746 2307 potum
769 2249 802 2290 ex
817 2233 881 2289 vino
903 2246 964 2287 eum

10 2268 145 2395 {pipere
169 2316 264 2373 tritum
286 2316 411 2374 ictericoa
432 2325 518 2374 curat.
562 2318 732 2375 stomachum
747 2316 839 2374 laedit.
877 2315 965 2390 spiens

51 2406 110 2459 teta
134 2416 197 2459 eum
219 2398 304 2457 lasere
326 2407 373 2456 aut
395 2417 455 2458 eum
485 2400 578 2476 pipere
608 2399 669 2456 sibo
699 2400 875 2474 quartanariis
903 2397 966 2455 dato

56 2480 262 2545 semihomo
277 2485 470 2543 accessionem.
496 2487 591 2541 tritum
603 2500 663 2540 cum
679 2481 735 2539 saie
751 2483 855 2539 morsui
869 2481 966 2538 mutuo

11 2554 39 2602 ’θ
50 2566 155 2627 rasead
175 2570 328 2642 inponitur.
356 2569 454 2625 tritum
471 2584 532 2625 eum
547 2568 609 2623 vino
625 2570 711 2623 tineas
727 2567 829 2622 ventris
852 2570 879 2620 et
897 2562 967 2619 ium·

46 2651 143 2709 irieos
167 2652 294 2712 exeiudit.

93 2912 137 2960 ·1
157 2904 265 2962 suffito:
283 2906 379 2961 suffitu
399 2905 475 2961 Pus.
492 2905 497 2976 Ι
512 2905 634 2975 iptypd)
652 2907 782 2975 pennatos
800 2905 847 2974 pi.
903 2909 919 2958 3
938 2902 1076 2959 dederunt

24 2978 93 3121 {h
117 2976 223 3060 deden-e
239 2978 285 3062 ro.
307 2977 312 3045 Ι
336 2976 478 3051 ydropicis
495 2978 536 3046 pi.
596 2982 613 3030 4
632 2978 782 3031 cenisnreo
799 2974 1071 3080 ⁹,(¹.'¹·)²J‘⁰⁸.³'b·

60 3046 726 3130 drsnehouzaaeetpwtseapperiproph).
786 3043 1073 3126 tshop3aliroib

41 3121 93 3190 (eo
103 3120 141 3187 ἡ.
158 3119 275 3188 impie
289 3119 394 3174 omri».
432 3117 582 3200 eundern
595 3133 621 3188 p.
637 3120 642 3186 Ι
657 3117 856 3186 ooltsndropi:
871 3114 1073 3171 consudrorb.

41 3188 226 3328 attus
249 3189 304 3314 ¹¹⁰3
321 3189 462 3314 {iisd
485 3206 524 3314 fi
549 3188 753 3314 detti
777 3186 1075 3325 ‘iimdiadiiiit

46 3302 402 3457 sturmo
418 3275 913 3456 rpifflr..psopp
926 3327 1072 3451 “set

46 3470 127 3597 iinpg
143 3487 173 3595 pl:
188 3406 317 3598 Ιναιῢιὲἲοι
334 3417 513 3598 ςέξῖῗῖἑῖυω
532 3473 582 3526 sui
594 3404 757 3527 ammi.
826 3475 859 3524 13
878 3396 1036 3524 umido
1055 3469 1073 3527 i.

165 3556 223 3598 isso
236 3560 264 3599 m
286 3558 382 3599 :som
425 3585 432 3596 .
