2392 3856
273 193 515 259 —189-

66 364 96 417 et
119 363 204 417 aceto
229 358 318 418 tritus
341 355 491 437 inlinitur,
515 358 648 435 quamvis
671 357 791 436 quidam
837 363 853 396 *

67 463 189 506 rosaceo
218 453 317 506 terere
345 443 512 506 maluerint.
553 447 682 524 gummis
709 453 792 524 gutta
838 451 853 485 ²¹¹

67 535 106 595 ici
128 542 255 596 truncus
277 533 456 613 inlacrimat,
478 532 583 594 liuenti
605 533 669 593 alvo
692 533 791 594 mede-

67 640 83 682 n
105 624 197 684 mixta
215 641 284 684 cum
302 624 369 682 vino
393 623 482 683 etiam
504 623 535 682 in
558 624 655 685 vesica
676 621 792 701 lapillos

67 719 100 771 ta
122 729 160 771 ex
182 720 267 773 aceto
288 712 477 790 impetigines
499 712 648 791 reprimit,
671 710 793 771 decocta

90 807 223 861 tumores
250 800 380 860 lancium
403 801 530 880 mitigat,
557 816 692 878 asperam
715 807 792 860 arto·

67 907 102 948 tm
125 888 265 949 leviorem
286 889 369 968 lacit,
392 886 601 949 excreantibus
619 889 794 966 sanguinem

79 976 230 1058 subvenit,
248 976 379 1037 thoracis
397 975 558 1038 obstrictos
573 978 656 1037 sinus
670 983 794 1058 reserat,

67 1068 127 1126 >nis
150 1073 302 1146 expurgat.

87 1267 137 1323 Dc
161 1264 270 1321 nitrio.
840 1263 855 1296 *

67 1401 97 1444 aa
116 1384 278 1464 eademque
297 1385 393 1444 virtus
411 1384 442 1443 in
461 1380 600 1443 omnibus
619 1384 698 1443 citrii
714 1374 901 1463 par-(Galle

67 1475 171 1533 inetur.
208 1490 276 1533 nam
299 1473 406 1532 semini
425 1469 537 1531 acidam
556 1478 733 1550 potestatem
753 1489 787 1531 ac
795 1446 901 1585 ,zm

810 1589 884 1656 mc.)

67 1772 120 1810 rum
144 1753 219 1811 cibus
235 1763 278 1811 est
300 1752 408 1827 quidem
430 1753 571 1810 stomacho
593 1754 696 1810 inutilis
719 1753 793 1827 quod
813 1757 868 1824 (69)

81 1856 177 1896 eorum
204 1846 323 1908 acescat,
352 1846 381 1894 et
407 1852 469 1894 carn
497 1837 555 1893 eius
582 1837 792 1912 indigestionem

69 1941 86 1978 n
108 1933 172 1998 post
194 1922 284 1980 cibum
306 1923 328 1978 si
343 1920 441 1978 dautur
464 1919 567 1978 utilitas
583 1930 634 1978 est.
664 1937 714 1979 uec
737 1938 793 1978 uon

78 2009 137 2064 iure
151 2009 174 2063 si
194 2024 256 2064 cum
277 2006 354 2081 pullo
377 2005 526 2079 gallinaceo
542 2013 703 2079 sumuntur,
726 2023 792 2064 uau·

67 2100 120 2150 rut.
157 2092 221 2148 lolia
237 2107 331 2148 eorum
354 2092 416 2146 trita
437 2106 498 2149 cum
515 2090 589 2149 calda
611 2098 675 2166 pota
697 2101 793 2148 contra

67 2178 198 2233 iscerum.
234 2174 358 2232 similiter
384 2175 450 2233 lolia
478 2177 541 2234 trita
562 2175 689 2234 umbilico
716 2177 796 2252 inpo-

66 2260 134 2317 rcleo
164 2263 331 2334 persicorum
353 2276 415 2318 cum
437 2271 514 2319 aceto
537 2268 565 2318 et
590 2261 653 2318 oleo
675 2260 794 2318 frontem

67 2347 111 2401 itis
139 2344 262 2401 dolorem
290 2345 371 2402 tollit.
413 2347 516 2421 gummi
543 2362 638 2403 corum
659 2347 687 2401 in
710 2359 795 2419 posca

67 2456 70 2486 t
92 2431 251 2504 sanguinem
279 2431 431 2487 reicientes.
467 2445 562 2487 sucum
584 2428 713 2486 loliorum
734 2429 793 2484 cius

73 2514 104 2570 ad
128 2529 231 2570 vermes
246 2515 350 2570 aurium
372 2513 518 2571 instillato:
541 2522 569 2569 et
585 2511 693 2568 vulnera
716 2517 795 2568 curat

68 2607 156 2656 necat.

67 2701 108 2741 rra
129 2684 213 2741 calida
233 2693 261 2740 et
283 2686 413 2759 styptica,
436 2683 577 2741 stomacho
592 2680 668 2738 valdo
682 2679 791 2737 utiliora
809 2676 868 2748 (70)

67 2778 141 2843 npta.

67 3044 128 3099 ceto
141 3044 230 3112 poids
249 3042 363 3109 om.,rb.
380 3044 385 3111 l
401 3040 528 3112 quamvis
542 3058 606 3097 cum
620 3059 641 3096 s.
654 3058 676 3096 r.
696 3039 812 3110 quidem
824 3042 845 3095 t.
859 3041 906 3097 rb.

67 3114 96 3169 tis
118 3115 208 3184 gold:
237 3113 350 3170 Gummi
376 3113 422 3168 rb.
483 3118 502 3168 4
523 3112 614 3168 mixte
634 3113 724 3183 quid:
751 3127 802 3167 om.
826 3112 871 3167 rb.

67 3202 110 3240 nea
127 3202 175 3255 qo.
230 3192 246 3241 6
263 3187 387 3240 tumores
404 3184 493 3254 poluit
517 3201 589 3254 from
606 3185 651 3239 rb.
672 3186 677 3253 Ι
697 3187 762 3253 post
783 3183 908 3240 tumores

67 3273 82 3310 u
101 3272 188 3311 unum
205 3257 267 3310 irco
286 3257 381 3325 (usque
399 3254 660 3324 ad192,4llienrl0
678 3254 908 3322 accommodate).

67 3331 184 3397 teporem
204 3343 228 3384 c.
245 3327 290 3382 rb.
346 3332 362 3380 8
382 3326 532 3382 obstrictus
549 3326 594 3381 rb.
649 3331 665 3380 9
685 3326 788 3396 purget
805 3326 846 3381 ld.
870 3341 908 3380 re·

67 3415 78 3451 t
105 3399 125 3453 d
150 3398 283 3468 cumdem
310 3413 344 3452 erc
370 3399 453 3453 initio
480 3413 540 3467 cop.
563 3401 698 3466 eccepto.
769 3396 811 3451 tu.
840 3396 908 3467 (oo.)

66 3471 96 3538 ·):
125 3469 255 3539 cyhraob
278 3468 360 3537 (citro
376 3469 415 3540 d).
492 3474 526 3523 10
545 3468 609 3523 Non
631 3483 699 3523 nna:
726 3466 850 3522 Nomina
866 3467 906 3540 tl
