2392 3856
412 240 653 305 -165—

47 410 178 463 armenta
204 401 358 463 subeunda
381 411 459 463 sunt.
502 403 555 463 sed
577 403 634 463 hoc
662 421 772 483 genere
795 407 936 465 tormenti

47 500 55 552 t
77 508 170 552 umor
191 493 296 570 capitis
315 493 459 552 avertitur
482 493 534 569 qui
553 494 725 552 caecitatem
744 492 838 552 oculis
857 510 936 552 com·

47 582 159 641 linatur
190 581 301 659 quique
334 579 486 641 stomacho
519 588 607 660 atque
635 580 769 660 pulmoni
796 599 866 641 acer
892 583 935 641 in·

47 668 155 730 illatus
187 667 315 729 letaliter
345 668 381 728 ad
417 668 538 747 pthisim
566 671 737 747 praestruit.
784 677 814 729 et
846 687 935 729 coxae

47 758 147 818 olores
165 775 221 835 per
234 759 347 817 vesicas
362 764 393 817 et
410 756 546 835 pustulas
565 757 757 839 digeruntur,
775 765 805 819 et
824 757 935 836 splenis

47 863 128 909 rmor
161 844 287 905 solvitur
318 864 352 905 ac
384 847 551 906 iocinerum
582 845 745 925 indignatio
778 846 937 928 relaxatur,

47 942 55 999 t
84 933 262 1014 hydropicis
293 936 430 995 innatans
460 952 547 994 umor
579 936 637 995 iam
667 954 727 995 non
760 953 936 996 reversurus

47 1025 174 1087 ruritur.
225 1024 308 1083 aiunt
339 1031 369 1083 et
401 1021 579 1102 lethargicos
616 1024 763 1105 excitari,l
788 1027 813 1084 si
844 1024 936 1103 pedes

47 1129 133 1174 nrum
158 1111 245 1172 simul
268 1113 347 1171 tritis
371 1113 467 1190 sinapi
490 1119 520 1171 et
543 1113 599 1172 lico
623 1112 704 1172 arida
727 1113 936 1191 perlricentur.

47 1218 80 1263 cs
108 1201 232 1260 interim
259 1198 295 1260 de
320 1218 392 1260 suco
419 1199 512 1260 locuti
540 1218 644 1260 sumus
667 1203 718 1279 qui
746 1203 858 1262 semine
887 1219 936 1260 ex·

47 1289 182 1370 dmitur,
209 1288 357 1349 admixtus
385 1286 499 1349 scilicet
526 1307 605 1349 nunc
634 1307 726 1367 aquae
750 1307 830 1350 nunc
857 1288 938 1349 melli

47 1378 151 1439 lusus
175 1379 315 1456 exegerit.
352 1384 398 1437 est
417 1384 447 1436 et
464 1376 544 1437 aliud
567 1376 646 1455 qnod
666 1395 702 1437 ex
722 1377 805 1437 caule
827 1376 937 1455 colligi-

47 1484 89 1529 tr:
114 1464 164 1525 hic
183 1483 252 1526 cnm
270 1467 428 1546 inaruerit,
451 1465 575 1526 lacteam
595 1465 665 1525 lacit
684 1473 811 1545 guttam,
834 1464 938 1525 utilem

47 1551 169 1617 entibus
188 1555 214 1614 si
236 1556 267 1613 in
287 1552 388 1613 dolore
408 1553 573 1615 mandatur.
610 1553 729 1633 elegans
747 1572 784 1614 ex
803 1572 839 1613 eo
857 1552 938 1613 velut
967 1602 979 1623 ,

47 1641 197 1707 ntidotum
211 1641 325 1702 PHnius
338 1643 437 1702 tradit.
465 1660 533 1702 nam
548 1660 650 1702 semen
664 1645 776 1723 sinapis
790 1641 936 1703 eiusdem-

47 1748 84 1793 ιο
109 1729 226 1791 radices
253 1733 285 1790 in
308 1739 407 1791 musto
435 1733 581 1790 contineri
604 1730 701 1792 iubet:
728 1730 785 1791 hoc
809 1730 938 1791 colatum
1046 1772 1050 1777 -

47 1827 111 1883 ctat
138 1816 268 1880 dandum
295 1821 374 1879 vitiis
403 1819 534 1880 saucium
562 1819 707 1880 stomachi
734 1821 839 1899 capitis
867 1837 936 1879 ocu-

47 1924 137 1989 trum,
157 1909 270 1987 potioni
289 1907 410 1967 modum
430 1910 695 1987 statuit-quantum
708 1924 814 1968 manus
833 1906 937 1986 plenae

98 2269 114 2317 2
135 2264 165 2317 et
181 2263 283 2317 humor
306 2261 440 2329 (umor'o)
463 2265 528 2332 θυῖε
552 2264 652 2318 humor
671 2266 731 2332 (om.
752 2266 790 2331 ot)
808 2264 853 2319 υῖ).
909 2272 926 2320 3
944 2268 1043 2335 atque:

47 2335 78 2388 ut
95 2352 118 2389 r.
166 2341 184 2387 4
202 2332 345 2388 loetaliter
360 2349 398 2401 θυ
417 2333 571 2406 (lethaliter
584 2338 621 2402 r),
640 2335 745 2389 loetale
762 2335 817 2389 iter
834 2337 851 2389 ῖ.
868 2335 873 2402 Ι
888 2336 1004 2404 pthisim
1018 2354 1044 2404 r,

47 2403 125 2461 him
137 2420 168 2474 θ,
188 2404 285 2474 physin
297 2405 381 2472 l(rh).
430 2404 614 2460 tiiecinorum
628 2405 696 2510 rig„
720 2411 734 2458 'l
749 2404 889 2475 ydropicis
902 2422 932 2474 θε
951 2407 1043 2460 hidro-

47 2511 225 2587 rdzollpicus
243 2518 284 2572 υῖ.
304 2517 309 2584 Ι
333 2516 463 2572 innatans
484 2518 583 2585 poor:
611 2518 729 2570 miratus
754 2517 809 2583 (sic
830 2520 1002 2587 suprascr.)
1026 2520 1044 2586 l,

47 2584 162 2643 [iniiam
180 2589 225 2642 rb.
247 2590 252 2654 Ι
272 2587 329 2643 iam
346 2588 460 2656 poton:
488 2588 549 2641 lam
567 2587 611 2667 rh.
658 2593 688 2668 ‘8
706 2585 878 2669 lethargicos
896 2587 977 2656 (Pl.):
1005 2588 1044 2643 le·

47 2661 216 2810 ctat
231 2658 555 2798 <nullae
570 2657 1044 2802 teia-castitatea?1

47 2801 145 2856 oenus
163 2799 180 2854 ῖ.
246 2806 278 2855 11
303 2800 457 2855 admixtus:
477 2799 526 2854 dis
549 2800 682 2870 poltri).
703 2801 708 2867 l
733 2816 806 2873 aque
830 2803 914 2870 (aque
932 2802 974 2871 ol)
993 2844 999 2856 .
1016 2844 1044 2856 ..

47 2868 105 2927 olli
122 2871 191 2940 θυῖε
210 2887 285 2940 aque
374 2872 459 2927 melle
479 2872 522 2925 rh.
582 2876 615 2924 12
635 2869 760 2940 exegerit
777 2873 843 2940 θυῖε
872 2871 961 2941 exigit
977 2873 1021 2928 rh.
1040 2875 1043 2944 l

47 2941 104 2999 iud
123 2941 202 3009 quod
218 2943 334 3011 potin:
363 2942 434 2997 alius
453 2942 503 3012 qui
521 2943 566 2996 rh.
588 2945 592 3010 Ι
618 2958 652 2996 ex
668 2943 735 3010 θυῖε
762 2958 813 2997 om.
832 2943 876 3000 rb.
933 2949 966 2996 13
985 2943 1044 2998 hic:

47 3029 76 3070 >c
92 3013 145 3067 lm
162 3015 167 3080 Ι
182 3011 319 3068 metuant
337 3012 502 3082 (inharneril
514 3016 542 3082 θ)
560 3013 625 3082 θυῖε
645 3011 813 3068 inhsurierit
825 3015 881 3083 hm,
899 3029 1045 3083 expressus

49 3082 113 3140 erit
130 3084 175 3139 rb.
231 3090 266 3139 14
283 3083 433 3139 mandatur
450 3086 493 3139 ol:
512 3083 664 3138 mundatur
682 3085 791 3152 (carn’u
808 3100 842 3139 ec
860 3101 878 3138 a
896 3087 1000 3155 operto)
1018 3101 1044 3155 θ,

47 3153 166 3210 hniaim
183 3155 227 3208 rb.
250 3157 265 3224 l
278 3155 504 3225 Elegeam-run)
523 3171 589 3209 nom
607 3156 673 3225 θυῖε
700 3155 803 3224 Fitque
825 3156 940 3224 elegans
959 3171 1045 3211 exeo

47 3225 187 3281 stinctum
205 3225 279 3280 sicut
291 3225 436 3280 docuimus
462 3228 512 3295 (sic
529 3226 702 3281 dissimulato
723 3227 833 3280 nomine
847 3226 949 3296 Plinii)
962 3227 1008 3281 rb.

47 3303 56 3352 i
82 3294 192 3351 semine
218 3339 224 3351 .
247 3338 253 3350 .
273 3337 280 3351 ,
303 3296 445 3351 radicibus
467 3314 490 3352 r.
551 3303 585 3352 16
607 3295 638 3350 in
655 3299 748 3351 musio
766 3312 817 3366 θυε
843 3296 905 3351 vini
922 3298 1008 3351 musii
1027 3299 1044 3363 l,

47 3388 53 3422 ι
83 3383 183 3422 musco
208 3368 254 3422 rb.
279 3369 284 3436 Ι
314 3367 451 3422 contineri
469 3369 603 3438 —putat
624 3369 690 3437 θυῖε
723 3383 773 3422 orn.
801 3367 846 3422 rb.
915 3374 949 3422 17
977 3367 1044 3421 den-

47 3455 93 3493 um
121 3439 188 3507 θυῖε
216 3437 261 3508 (ίιι
287 3440 397 3508 musco)
424 3439 507 3494 saur
529 3440 574 3495 rb.
657 3444 690 3494 18
713 3438 829 3492 modum
856 3438 956 3492 statuit
977 3440 1046 3508 θυῖε

47 3509 110 3634 podo
138 3510 245 3634 siphnio
271 3511 319 3564 rb.
351 3509 355 3579 l
388 3509 488 3579 plenae
521 3512 587 3582 (ne
614 3526 645 3579 θ,
678 3525 728 3563 -ue
757 3511 781 3579 ῖ)
813 3525 943 3565 mensura
967 3511 1045 3580 pol:

54 3595 111 3635 ena
138 3596 182 3634 r.
