2392 3856
420 199 664 264 -197-

41 376 135 427 tamen
164 370 281 424 matura
308 365 419 424 siccata
447 362 602 424 sublevant
633 361 833 443 stomachum,
864 361 945 422 lasti·
992 367 1007 400 *

41 452 117 516 lium
143 451 273 534 pellunt,
304 450 427 512 vulnera
455 452 618 512 interaneis
649 452 750 512 innata
782 448 945 512 deleniunt.

41 541 156 623 quidam
183 540 262 602 slcca
288 539 378 601 sorba
403 541 439 625 in¹
467 540 593 600 larimm
620 546 708 600 tunsa
735 537 889 600 solverunt
915 545 946 598 et

41 648 87 711 oro
111 628 233 710 polenta
256 645 326 689 cum
348 630 416 688 vino
441 627 612 708 spleneticis
636 635 667 688 et
688 622 788 688 iecore
810 625 945 687 laboran-
991 629 1008 662 *

41 718 113 780 ibus
146 719 335 796 maximoque
365 715 515 796 pulmonis
550 714 716 777 molestiam
748 714 946 776 sentientibus

41 806 218 869 tonuerunt.
259 822 335 884 aqua
362 807 394 865 in
422 822 480 884 qua
509 804 632 865 decocta
660 813 730 866 sunt
757 820 817 865 non
845 805 944 864 minus

41 904 63 959 tt
92 898 161 976 ipsa
193 895 293 955 causis
324 892 503 973 supradictis
538 895 623 973 potui
655 890 751 954 oblata
784 894 945 974 succurrit,

41 982 231 1065 lysontericis
254 982 364 1042 iniecta
387 982 561 1043 medicatur.
989 983 1006 1016 *
1113 1044 1116 1048 ,

95 1165 156 1222 Ιιῑ
188 1165 238 1220 Do
260 1163 411 1237 sitique.

97 1282 233 1362 Siliquae
266 1290 403 1345 recentes
439 1281 625 1343 stomachum
657 1289 810 1361 avertunt,
847 1280 944 1343 alvum
978 1274 1024 1330 Pl·

41 1371 200 1453 stoicum,
219 1370 342 1432 eaedem
355 1372 481 1433 siccatae
499 1373 530 1433 in
545 1372 728 1432 contrarium
742 1375 944 1449 compescunt.
954 1349 1043 1414 ²³³⁹·

41 1459 120 1523 ibus
142 1477 246 1523 earum
262 1458 300 1520 ad
322 1461 441 1521 urinam
462 1459 581 1538 prolicit
599 1456 848 1521 commovendam.
885 1465 943 1518 tra·

41 1546 114 1611 litui·
136 1547 174 1611 ad
197 1548 341 1609 stomachi
365 1547 497 1609 dolorem
520 1565 581 1609 non
608 1546 672 1609 levo
694 1540 890 1627 praesidium,
918 1546 945 1605 si

41 1650 135 1699 mae
163 1637 196 1697 in
218 1638 348 1698 sextario
371 1654 465 1715 aquae
493 1635 530 1696 ad
557 1634 712 1697 dimidium
739 1634 945 1714 decoquantur

41 1742 234 1806 aquescens
259 1742 316 1803 per
342 1724 407 1786 dies
433 1724 565 1803 quinquo
589 1725 746 1786 continuos
768 1723 1051 1790 hauriaturttottm.

41 1808 162 1877 taleam
185 1812 223 1874 de
240 1812 357 1893 siliquis
374 1815 504 1893 pessime
523 1814 614 1875 sentit
631 1812 712 1891 quod
729 1813 777 1872 vix
796 1805 1051 1891 digerant-taam

41 1906 77 1965 ur
92 1910 126 1963 et
140 1909 276 1963 ventrem
289 1904 472 1983 restringant
490 1909 521 1962 et
537 1919 659 1963 umores
677 1901 782 1962 noxios
795 1898 937 1962 nutriant.
952 1874 1051 2016 2:33²·

41 2055 248 2070 ...ο-ι--ι--ιι-

41 2152 49 2185 -,
88 2113 184 2173 Sorba
207 2123 235 2171 et
256 2114 396 2188 praecocia
419 2129 499 2188 poma
527 2129 621 2171 torum
644 2113 743 2173 visoida
770 2123 798 2170 et
826 2113 943 2169 constri·
963 2114 1020 2184 (to)

41 2200 111 2256 tiva.
150 2213 269 2273 quorum
291 2205 388 2254 natura
409 2195 570 2254 calidissima
586 2206 637 2256 ost.

65 2473 73 2486 ·
107 2405 278 2463 innovent
290 2409 316 2462 d.
334 2410 338 2475 Ι
355 2409 531 2464 stomachum
544 2409 634 2478 qnid:
654 2425 704 2464 ont.
719 2410 764 2464 rb.
779 2407 786 2478 l
801 2407 944 2463 fastidium
958 2408 1050 2476 qold:

41 2473 160 2563 duro.
212 2480 320 2561 2th
332 2478 588 2549 dldelsniunto:
606 2477 745 2534 deliniunt
761 2477 893 2559 Μόψῳ.
948 2476 1050 2541 aQui-

41 2546 1051 2689 ffloiuqrth.qupqpchupppbpoqqqqqnqsiqgaspopbptmtppwpppUlpii.)

41 2694 96 2744 m
111 2686 223 2745 solvere
236 2690 282 2744 rb.
306 2692 414 2746 mareri
427 2707 461 2746 ex
473 2691 567 2748 Dione.
582 2688 641 2759 (sol
660 2685 693 2743 τὸ
709 2685 739 2755 ἐξ
758 2682 853 2744 odonia
872 2686 915 2744 δὲ·
925 2683 1049 2755 ἄλευρον

41 2757 214 2815 λυθέντων
227 2754 292 2814 oivrl
306 2755 433 2830 diolcon
450 2764 486 2816 λα
525 2757 667 2832 ovo'prvov
682 2803 688 2816 .
701 2802 707 2815 .
719 2765 744 2830 .).
799 2767 817 2815 t
833 2758 988 2830 spleniticis
1000 2760 1051 2829 yttl

41 2829 196 2902 planetico
213 2832 250 2900 d).
307 2833 408 2902 oobtp
428 2834 470 2903 ld)
515 2836 597 2889 erunt
615 2834 690 2902 (do)
707 2832 797 2902 qvid:
817 2848 858 2887 -re
877 2831 1052 2901 rb.lAqua

41 2899 280 2959 minwrb.
302 2905 306 2969 Ι
331 2901 430 2958 sinte.
495 2903 697 2973 affimat-q,
724 2903 879 2973 dysinto,
901 2901 1049 2971 monet,

41 2971 159 3029 bont
176 2972 209 3040 d,
227 2971 347 3027 Dissint-
366 2991 393 3044 r,
413 2973 546 3043 Dyssent-
565 2975 589 3030 b.
612 2976 617 3041 Ι
636 2973 671 3028 Ι).
690 2991 801 3044 quoquc
817 2975 837 3031 i
856 2975 901 3030 rb.
921 2974 927 3044 Ι
945 2972 1052 3028 iniecta

41 3042 151 3111 r(rlt)=
172 3040 288 3098 inuenta.
304 3044 345 3099 ld.
409 3050 426 3099 9
445 3043 584 3113 Siliquae:
606 3061 647 3115 qr.
665 3040 791 3112 κεράτια.
854 3051 888 3101 10
905 3043 1050 3101 resolvunt

41 3113 119 3171 nid:
138 3111 254 3168 solvunt
270 3115 315 3170 rb.
338 3118 342 3181 Ι
361 3114 392 3170 in
409 3115 579 3171 contrariom
597 3133 624 3186 9.
644 3118 657 3181 l
673 3118 853 3186 compescunt
870 3131 917 3185 eqo
935 3113 1050 3182 (sistam

41 3185 100 3254 d.)=
128 3184 250 3253 poscunt
270 3187 437 3254 polemi).
506 3193 538 3240 11
564 3186 697 3242 laeditur
719 3186 756 3243 sd
777 3188 845 3257 pol:
871 3185 1048 3254 traditurque

41 3256 130 3313 aare
146 3255 193 3309 rb.
248 3261 282 3310 12
301 3257 363 3312 love
380 3258 469 3326 qvid:
493 3258 555 3313 lene
574 3259 618 3314 rb.
639 3261 644 3328 Ι
664 3257 688 3312 si
705 3259 802 3314 ternus
819 3256 849 3312 in
868 3274 903 3313 s:
928 3255 1051 3313 auterno

60 3325 112 3383 ld.
198 3331 231 3381 13
258 3328 341 3382 terna
365 3344 412 3397 qo.
438 3331 443 3397 l
467 3327 616 3384 dimidium
642 3330 733 3398 qvid:
760 3327 838 3383 -ditts
856 3328 901 3382 rb.
928 3330 942 3403 t
965 3327 1048 3383 doco-

41 3397 155 3453 mim
172 3397 214 3455 ld.
247 3428 250 3433 ·
284 3402 319 3453 14
336 3415 387 3468 por
404 3398 464 3455 dies
482 3399 605 3469 quinque
623 3415 675 3455 orn.
695 3398 741 3455 Pl.
762 3401 767 3468 l
791 3398 939 3454 continuos
955 3398 1048 3468 qoldr

41 3483 112 3536 mun
133 3466 180 3522 rd.
255 3473 288 3524 15
313 3467 445 3525 Gallenos
472 3470 559 3540 ld(r.
585 3472 590 3538 Ι
615 3469 647 3526 G.
670 3471 766 3527 minen
788 3469 887 3526 derb.
953 3475 1047 3525 liro·

41 3538 172 3608 tingant
187 3539 278 3608 paldo
291 3539 439 3610 stringant
456 3542 501 3595 rb.
518 3543 522 3609 1
538 3475 669 3597 dumorea
687 3546 712 3598 ct
730 3557 748 3612 q
766 3543 833 3610 (non
849 3544 887 3610 ol.
