2392 3856
466 165 710 232 ..204-

199 366 203 371 ’
256 368 362 429 nm
394 370 565 426 Denuee.

108 482 172 540 Μ
261 488 329 550 Nux
353 488 456 548 viridis
474 496 579 568 utpote
597 487 695 548 adhuc
717 488 880 566 aquatioris
903 490 1020 550 umoris
1044 498 1107 570 sty-

91 558 276 658 ''¹⁶¹⁰puea
298 587 330 638 et
348 576 455 656 (rigida
477 579 587 637 virtute
610 583 761 637 censetur.
796 583 897 655 potest
918 575 1051 656 denique
1075 589 1108 641 et

193 665 345 728 stomacho
368 665 479 744 aliquid
502 667 613 744 rigoris
639 664 797 743 adquirere
820 671 851 724 et
873 671 1011 726 ventrem
1032 685 1106 728 oum

100 712 179 849 ἐξ,
193 773 265 834 garo
288 762 406 834 sumpta
428 753 553 814 mollire.
581 771 674 814 nuces
693 754 789 813 siccae
810 751 886 813 duae
907 771 978 813 cum
995 758 1106 816 caricis

99 856 180 923 (us).
195 841 311 904 duram
329 850 360 903 et
378 844 482 920 nanti
499 850 585 902 rutae
603 840 683 902 loliis
696 839 797 901 addito
810 839 882 901 salis
898 858 993 920 grano
1013 844 1136 905 simulo

196 938 407 992 conteruntur:
437 930 528 991 nullis
549 931 672 991 venenis
698 930 828 1010 opprimi
852 931 968 1009 poterit
991 949 1028 992 ea
1054 932 1103 993 die

193 1037 252 1098 qua
283 1021 410 1097 quisque
441 1020 560 1079 ieiunus
592 1019 749 1098 acceperit
792 1019 873 1078 inter
898 1016 1039 1080 kalendas
1069 1029 1100 1080 et

130 1112 147 1144 a
191 1106 260 1168 idus
285 1106 373 1167 iulias
394 1114 517 1167 centum
542 1124 670 1167 numero
696 1122 790 1166 nuces
816 1107 920 1166 statim
942 1115 975 1168 ut
996 1104 1096 1166 arlron'

193 1195 329 1274 demptae
361 1202 432 1255 sunt
462 1197 576 1256 cortice
607 1194 786 1255 adhaerente
817 1202 1003 1272 quassantur.
1047 1194 1094 1255 tus

193 1283 396 1345 admiscentur
423 1282 560 1344 aluminis
587 1285 674 1344 scissi
701 1282 793 1342 librae
820 1290 884 1343 tres
909 1289 944 1344 et
969 1285 1002 1344 iu
1022 1300 1098 1344 noro
1111 1295 1143 1334 ro·

193 1371 277 1433 netill
298 1390 368 1432 vaso
389 1380 552 1452 ponuntur.
597 1371 784 1451 superhaec
811 1371 1015 1433 infunduntur
1046 1370 1103 1432 olei

193 1460 265 1521 boui
286 1460 379 1521 librae
407 1468 470 1522 tres
492 1469 524 1521 et
545 1459 703 1539 diligenter
726 1462 758 1519 in
785 1460 851 1520 loco
872 1476 973 1538 neque
1002 1459 1103 1521 unsldo

193 1567 292 1628 neque
314 1551 440 1610 nimium
458 1551 539 1610 sicco
556 1547 735 1609 obruuntur.
770 1555 840 1627 post
857 1551 1023 1628 nonaginta
1042 1548 1098 1609 dies

193 1637 306 1698 dahsnt
341 1636 440 1698 oleum
475 1637 555 1717 quod
591 1637 749 1697 fluentium
785 1635 960 1716 capillorum
997 1636 1101 1698 damna

193 1727 339 1788 restituat
1114 1738 1142 1777 ro

195 1976 274 2049 tritae
289 1990 351 2032 cum
366 1973 447 2031 melle
463 1971 562 2030 ieiunis
585 1971 763 2030 tussientibus
779 1972 857 2029 datae
873 1980 1002 2046 prosunt„
1033 1988 1102 2046 aqua

194 2059 222 2114 iu
244 2075 297 2133 qua
312 2064 407 2115 cocue
429 2056 533 2114 tuerint
553 2056 633 2114 datur
647 2056 773 2115 coeliacis
794 2045 973 2131 dysentericis
998 2065 1029 2114 et
1042 2073 1100 2113 sau·

193 2141 305 2216 guinem
328 2141 516 2215 expuentibus.

565 2221 727 2232 ...ι-ιι-

260 2274 308 2326 Do
326 2273 458 2326 hmo.

52 2344 57 2351 ¹
118 2355 176 2424 (⁸⁶)
256 2366 417 2424 halanorum
444 2365 557 2442 glandes
578 2366 678 2423 virides
704 2367 858 2439 relegunt,
885 2373 980 2421 coetae
1004 2367 1097 2422 minus.

194 2451 405 2527 indigestionem
427 2451 539 2510 faciunt.
577 2450 679 2506 durum
701 2464 808 2506 omnem
830 2449 1034 2524 constringunt
1110 2462 1138 2503 so

118 2622 176 2690 (8⁷)
260 2623 403 2699 luglaudes
425 2641 510 2682 nuces
532 2623 666 2680 rotundae
680 2621 778 2678 virides
801 2630 897 2696 utpote
911 2622 1001 2678 adhuc
1023 2638 1102 2696 aqua·

196 2710 273 2765 tioris
294 2708 431 2781 humoris,
460 2710 593 2783 stypticae
614 2715 642 2764 et
667 2705 782 2781 trigidae
804 2707 910 2762 virtutis
932 2714 1009 2764 sunt.
1047 2715 1101 2763 sto·

123 2945 623 3087 laureo-urseris
640 2940 996 3097 etelectus
1009 2942 1103 3068 ese

87 3086 286 3141 sentement.
342 3086 778 3154 luctisgranosslisd.
828 3083 1066 3152 dnulhsquerd.

88 3162 104 3211 'l
124 3155 150 3210 d.
170 3171 228 3224 qua
245 3154 364 3226 quisquo
380 3155 471 3238 pold:
494 3154 522 3212 d.
540 3156 667 3226 quisquis
684 3158 729 3213 rb.
755 3160 760 3225 Ι
784 3155 919 3211 kalendas
936 3153 1026 3223 9,ὼῖ
1041 3170 1067 3208 o.

87 3230 104 3280 8
122 3225 206 3281 iulius
222 3241 253 3297 p:
271 3225 316 3281 iul
332 3241 361 3294 o,
380 3225 442 3280 tulii
460 3227 569 3296 ΗΜ).
639 3233 673 3282 10
691 3227 770 3283 scissi
786 3227 899 3297 pulv:
918 3223 1018 3280 sciuisti
1034 3221 1100 3293 elul

87 3293 199 3351 lauru.
239 3298 272 3352 ol
290 3295 386 3364 (libres
405 3317 454 3351 ru.
473 3297 583 3367 d).lin
601 3315 628 3352 n.
648 3315 714 3354 vose
732 3297 814 3354 fictili
831 3299 858 3353 d.
913 3302 1104 3365 ltreeopo=

87 3311 281 3450 vaaeldgd).
306 3369 311 3430 Ι
336 3365 529 3451 diffunduntur
550 3370 591 3424 td,
661 3375 694 3424 12
717 3368 768 3424 ho.
787 3390 829 3424 111.
847 3367 964 3450 prid]
986 3365 1019 3421 in
1041 3366 1101 3421 looc

87 3437 209 3565 lppluptdp
222 3437 249 3494 d.
306 3442 338 3493 ld
357 3454 444 3494 musso
463 3440 489 3494 d.
553 3446 586 3494 14
605 3440 772 3511 dampnsd.
833 3435 1103 3509 seruatorem:

82 3537 95 3550 ·
168 3524 214 3565 r,
