2392 3856
98 686 128 743 1.
151 688 201 742 De
223 687 356 743 rodeno.

99 806 214 868 Rasano
236 804 360 866 calidam
380 807 478 866 inesse
493 806 634 867 virtutem
656 802 940 869 omnium'mcdtco-
959 818 1037 876 Plio.

57 914 100 956 rm
131 897 269 974 opinione
298 902 484 973 compertum
513 903 571 974 est,
605 894 657 955 sed
685 903 716 955 et
741 895 827 956 nobis
855 895 1040 958 intel-202¹&

57 1002 134 1064 gere
148 983 185 1044 de
204 1002 261 1044 usu
280 982 358 1044 licet.
390 1002 445 1044 cur
460 985 539 1044 enim
556 986 646 1044 mixta
666 1003 734 1045 cum
753 983 827 1045 cibis
852 992 932 1047 cete·
958 965 1036 1029 ¹⁹³⁶

57 1090 74 1134 s
97 1071 161 1132 sola
184 1072 220 1132 de
243 1071 396 1132 stomatho
415 1081 519 1133 ructus
543 1074 643 1154 eiciat,
666 1075 725 1133 nisi
744 1075 812 1153 quia
837 1032 1049 1154 prima(⁸⁶”⁸⁷)‘

57 1156 254 1240 incoquitur?
286 1160 407 1240 capillos
435 1161 594 1240 alopeciae·
612 1164 720 1222 iniuria
744 1170 845 1241 raptos
873 1181 943 1225 cum

57 1249 121 1311 telle
147 1251 220 1310 trita
247 1251 387 1310 restituit.
425 1248 559 1310 eiusdem
585 1268 675 1310 sucus
705 1253 794 1310 etiam
817 1254 942 1328 gravita-

57 1340 233 1399 maurium
255 1337 414 1398 instillatus
437 1337 584 1399 emendat.
617 1346 720 1398 contra
740 1356 852 1398 venena
876 1341 942 1399 uni·

57 1444 102 1487 nm
122 1425 288 1487 remedium
307 1434 353 1486 est
372 1429 397 1486 si
416 1445 432 1486 a
455 1428 556 1486 ieiuno
571 1434 713 1487 sumatur.
746 1434 850 1487 contra
864 1426 942 1506 pthi-

57 1516 135 1576 iasim
157 1533 249 1575 sucus
272 1516 336 1575 eius
356 1514 527 1594 adhibetur,
551 1517 603 1594 qui
622 1514 703 1575 solus
725 1522 825 1594 potest
843 1517 941 1576 tenui·

57 1611 93 1666 ce
122 1603 225 1664 subtili
252 1602 289 1663 ad
321 1604 374 1663 imi
406 1605 541 1682 corporis
574 1603 745 1664 liniamenta
777 1611 943 1683 penetrare.

57 1694 169 1772 egyptii
198 1693 278 1751 enim
305 1709 392 1769 reges
424 1689 533 1771 quibus
562 1701 626 1752 erat
654 1692 786 1753 studium
815 1695 944 1754 scrutari

57 1798 161 1860 orpora
188 1787 376 1841 mortuorum
407 1789 436 1840 et
468 1779 663 1840 valitudinum
695 1797 799 1840 causas
829 1780 945 1841 oculata

57 1867 89 1929 de
121 1887 353 1951 recognoscere,
383 1871 420 1956 'in
442 1870 522 1947 ,ipso
555 1868 645 1929 corde
675 1870 759 1929 nasci
795 1867 943 1930 eiusmodi

96 2099 200 2156 Baiano
221 2096 422 2163 calidissimam
431 2089 520 2157 inesse
534 2100 662 2157 virtutem
684 2101 804 2158 omnium
826 2100 944 2159 medico·
970 2111 1028 2179 (De

57 2201 94 2240 um
112 2186 242 2259 opinione
261 2187 431 2260 compertum
451 2192 503 2241 est.
525 2185 663 2242 humectat
684 2192 713 2241 et
728 2184 860 2260 dispergit
875 2185 944 2260 fleg·
966 2183 1030 2237 uin.

57 2285 78 2325 ta
91 2269 253 2326 austeritate
275 2285 341 2344 sua,
364 2268 428 2325 lolia
446 2277 537 2325 tamen
552 2271 611 2326 eius
626 2271 715 2326 minus
737 2277 846 2327 austera
868 2278 943 2327 sunt.
962 2253 1034 2307 Mb·

57 2353 153 2412 rticulis
168 2352 325 2409 dolentibus
341 2355 477 2410 contraria
492 2361 544 2410 est.
571 2360 731 2427 supernatat
741 2362 769 2409 et
782 2354 827 2408 vix
842 2353 944 2428 digeri·
969 2324 1024 2393 ⁶⁹)·

57 2448 82 2490 m
104 2431 127 2514 [,
146 2438 318 2494 stomachum
342 2432 444 2515 indat}
486 2439 596 2493 unicum
616 2438 645 2493 ln
667 2435 762 2491 raiano
784 2444 880 2494 contra
898 2453 944 2492 ve·

57 2534 99 2576 cm
120 2521 284 2579 subsidium.
314 2516 421 2598 [semen
436 2523 495 2578 eius
517 2521 616 2576 lortius
638 2522 698 2592 ipsa
712 2512 831 2597 radice]
861 2534 944 2576 sucus

57 2621 89 2662 os
111 2623 174 2663 cum
198 2605 305 2663 modico
326 2607 422 2664 rosino
442 2607 547 2662 aurium
569 2601 718 2661 instillatus
733 2601 824 2660 dolori
846 2619 944 2680 graves

119 2895 161 2947 tit.
185 2895 327 2951 Medicina
349 2896 384 2951 de
406 2897 500 2951 redico
522 2912 553 2965 9,
584 2897 626 2951 De
648 2896 775 2966 raphano
802 2897 842 2951 td.
917 2902 931 2950 1
960 2896 1051 2952 inesse

57 2965 81 3019 l:
102 2980 164 3019 esso
184 2966 274 3036 ἰθὺ).
317 2972 333 3020 2
352 2967 512 3037 intelligere
529 2968 587 3037 pld
600 2968 666 3036 (rb).
712 2966 819 3022 illicet:
843 2968 883 3022 sic
900 2968 934 3037 ql
952 2967 1051 3039 (ipsius

57 3035 93 3090 ld.
118 3035 174 3102 rb).
204 3042 208 3103 Ι
237 3037 387 3094 mixta...
409 3038 470 3093 solu
549 3036 719 3108 primasio:
747 3039 788 3093 sic
804 3039 861 3109 yid
884 3040 919 3108 (et
937 3039 992 3110 δ’,
1013 3055 1050 3097 oc.

57 3107 87 3162 d.
105 3111 156 3161 vet.
174 3105 274 3163 Torici
286 3114 428 3178 excerptus
442 3109 604 3180 odoacre),
617 3110 722 3165 mixtus
794 3108 871 3164 solus
943 3115 990 3167 etc.
1005 3111 1050 3168 rb.

77 3175 368 3249 enisiqmeprima
389 3180 541 3252 pidum:
568 3179 624 3236 nisi
644 3180 786 3250 priusrb.
855 3180 1050 3253 onlopiciigt,

57 3246 159 3317 lopicii
180 3247 221 3304 ld.
286 3249 486 3320 tpihiriasim
507 3268 538 3322 με
564 3251 706 3336 piyrinsin
728 3251 768 3308 ld.
834 3257 868 3306 10
886 3251 974 3306 adimi
993 3267 1051 3306 cor-

57 3317 105 3373 iris
113 3316 280 3376 numento
288 3323 435 3391 penetrare
443 3321 512 3393 old:
526 3321 743 3392 adimicorporis
751 3320 938 3390 liniamenta(
952 3322 1050 3391 udde)

57 3407 78 3442 tr
91 3391 239 3459 penetrare
254 3392 299 3447 rb.
339 3398 371 3447 12
385 3393 573 3449 valitudinum
586 3395 627 3463 pl.
644 3397 649 3461 1
670 3409 768 3448 censos
786 3396 850 3446 ante
867 3391 922 3447 vul.
938 3363 973 3448 ld
981 3392 1049 3462 (rb).

57 3460 171 3587 oppilatis
201 3478 231 3532 9:
264 3461 376 3520 occulte
398 3465 431 3519 td
454 3465 528 3534 (rb).
610 3470 643 3518 13
671 3478 839 3533 cognoscere
862 3463 902 3519 ld.
933 3463 938 3536 Ι
966 3463 1050 3520 buius

57 3547 67 3583 1
170 3574 177 3587 .
951 3581 955 3586 .
