2392 3856
514 225 756 290 -169-

122 388 200 448 teris
218 394 249 447 et
266 404 357 448 coxae
375 387 496 449 dolores
516 405 585 448 cum
605 390 732 467 axungia
750 396 850 450 vetere
871 389 1031 451 efficaciter

122 475 327 537 admoventur.
364 476 493 537 eundem
515 479 648 537 cinerem
670 478 697 537 si
719 479 787 555 quis
808 476 941 556 psilotris
962 496 1031 539 eum

121 571 209 625 aceto
222 571 254 625 et
266 563 362 626 lasere
376 567 579 646 coniunxerit,
592 564 719 625 detracti
731 565 784 644 pili
797 583 857 625 non
872 584 1030 627 renascen-

120 662 181 713 tur.
219 652 298 732 apud
320 652 464 715 Galerium
486 655 604 714 invenio
628 656 741 714 semine
768 653 917 715 brassicae
940 613 1136 754 poto,(„·„(,;,'„‚)

93 743 310 820 omeximeque
329 744 480 821 aegyptiae
504 760 580 820 quae
603 742 808 803 vehementior
830 741 874 802 ilb
896 742 1134 824 sincinnium.

114 828 288 891 lumbricos
310 838 341 891 et
363 832 462 891 omnia
488 832 570 891 intus
597 830 732 890 animalia
754 833 896 909 extingui.
932 831 1029 910 pulvis
1041 843 1136 911 Pttn,

119 920 266 978 ecinere
293 919 427 979 radicum
449 921 595 979 iacentem
623 936 709 979 uvam
737 918 890 980 subiectus
912 919 1125 983 attollit.³6‚95·

119 1005 253 1067 blelitius
275 1007 410 1069 adfirmat
432 1025 506 1067 uvae
524 1025 590 1068 esse
612 1007 743 1068 remedia
760 1008 890 1069 radicem
911 1009 1028 1088 plantae
1074 1015 1090 1048 *

120 1093 254 1156 avulsam
268 1095 404 1175 colloque
419 1113 594 1174 suspensam
608 1098 649 1156 ita
663 1114 701 1156 ne
715 1105 826 1158 terram
840 1105 909 1176 post
923 1115 1028 1158 runca-

83 1185 235 1244 ntionem
258 1186 417 1263 contingat.

188 1313 312 1369 xm·
344 1314 394 1369 ΒΘ
417 1327 592 1384 “wrm
1061 1303 1105 1359 121.

188 1413 338 1503 Asparago
370 1415 449 1474 inest
475 1421 505 1474 et
537 1412 644 1474 caloris
673 1413 869 1496 aliquantum,
901 1414 952 1475 sed
984 1379 1124 1474 illi20‘4'2·

120 1502 211 1561 etiam
244 1503 364 1581 styptici
396 1504 505 1581 vigoris
531 1510 733 1583 temperatura
764 1504 916 1564 miscetur.
957 1502 1026 1564 iude

183 1676 305 1734 Catilium
329 1686 513 1752 generarunt
535 1680 669 1752 quinque,
699 1696 828 1736 cumanus
851 1681 1026 1754 pompeianus
1053 1675 1109 1743 (29)

119 1763 240 1820 aricinos
262 1761 404 1820 sabellicus
426 1763 560 1832 bruttius,
584 1780 636 1818 una
659 1764 744 1819 virtus
766 1763 861 1821 calida.
897 1780 1027 1820 cumanus
1060 1763 1105 1817 Pl.

85 1845 240 1918 ¹lsessilis,
262 1848 290 1904 in
312 1847 400 1921 capite
421 1846 489 1903 lusis
512 1855 539 1903 et
560 1846 702 1903 latioribus
730 1847 811 1904 loliis.
849 1838 1123 1922 pompeianus¹924l·

118 1947 152 1988 es
165 1931 220 1986 ima
235 1938 312 2004 parte
335 1931 509 1987 tenuissimus
526 1939 613 1987 totum
630 1948 729 2005 corpus
744 1933 772 1987 ln
788 1940 869 2005 caput
891 1933 1028 1989 contrabit

118 2023 245 2071 tenerum
267 2014 332 2071 alias
355 2024 383 2071 et
403 2023 497 2072 contra
520 2015 623 2091 lrigora
645 2013 790 2072 infirmum.
828 2015 957 2073 aricinum
973 2016 1026 2073 ire·

67 2094 69 2103 ¹
118 2098 267 2173 questibus
290 2099 379 2171 loliis,
407 2099 456 2155 sed
478 2101 523 2174 qui
548 2106 637 2156 tamen
659 2099 712 2156 alio
734 2100 816 2157 modo
838 2110 935 2175 pensat
956 2118 1026 2176 quae

117 2180 292 2240 reciduntur:
308 2185 424 2257 plurimo
437 2184 513 2240 caule
521 2186 680 2246 renascitur.
704 2185 847 2242 sabellicus
855 2194 897 2243 est
909 2187 1025 2260 crispus,

82 2272 217 2342 ¹tsapore
244 2266 433 2340 dulcissimus,
466 2285 575 2325 crassus
600 2271 628 2325 in
656 2269 746 2340 loliis,
773 2269 850 2327 caule
871 2270 1024 2328 macilento.

118 2349 238 2409 brusttius
260 2351 384 2408 altissimi
408 2351 528 2426 fruticis,
551 2354 703 2410 tenuissimi
724 2354 807 2410 caulis
830 2362 858 2410 et
880 2354 949 2410 duri.

181 2434 212 2491 ln
239 2434 301 2493 cibo
329 2434 478 2507 utilissimi,
508 2445 536 2493 et
564 2443 684 2493 ventrem
711 2445 822 2493 movent
847 2445 875 2492 et
903 2439 1017 2494 urinam.
1047 2434 1103 2502 (Pl.

119 2534 199 2577 secus
229 2536 323 2576 eorum
345 2521 373 2576 in
395 2522 458 2578 rino
487 2523 586 2577 mixtus
614 2521 718 2576 aunum
745 2520 856 2576 dolores
877 2520 1024 2576 instillatus
1035 2506 1124 2574 203³)

117 2612 216 2661 sonui.
252 2621 344 2661 semen
367 2621 461 2661 eorum
484 2621 545 2660 cum
560 2605 621 2659 vino
645 2604 738 2659 tritum
760 2609 855 2677 potum
877 2601 1024 2660 lumbricos

78 2694 144 2744 liet
166 2690 254 2744 tineas
277 2691 379 2745 ventris
400 2690 546 2761 interficit.
585 2687 708 2745 ealefacit
729 2696 756 2744 et
780 2686 815 2744 lel
840 2687 959 2746 deducit.

190 2861 204 2908 1
224 2856 254 2909 et
270 2870 356 2910 coxae
374 2855 439 2922 pol:
459 2870 599 2923 coxaeque
617 2855 661 2909 rb.
679 2856 683 2919 Ι
699 2857 793 2910 vetere
811 2856 877 2924 poi:
897 2854 933 2910 -ri
950 2857 995 2912 rb.
1046 2863 1062 2911 2
1081 2859 1129 2912 cd-

113 2926 246 2980 movetur
267 2941 314 2994 go.
340 2928 344 2995 Ι
370 2925 542 2994 eundemque
565 2926 609 2982 rb.
634 2928 639 2993 Ι
663 2925 829 2996 psilotibiris
851 2928 926 2995 r(b):
958 2927 1121 2999 spilotrisg

112 2995 239 3066 pussohsl
256 3012 283 3061 o,
311 2995 355 3065 pis
377 2995 458 3050 lociis
477 2997 494 3050 l.
553 2997 679 3052 alcsere
701 3013 753 3065 go:
780 2997 884 3053 iussere
902 2998 925 3064 l,
951 2997 1042 3053 lesere
1061 2973 1129 3071 rol

111 3065 289 3136 tiunclxerit
305 3084 329 3121 o.
380 3073 396 3120 4
415 3065 558 3136 gebonum
576 3069 612 3123 lr.
630 3069 635 3135 Ι
650 3070 746 3123 cutem
763 3067 875 3123 invenio
889 3069 933 3122 rb.
950 3069 1075 3137 isemine
1086 3111 1092 3124 .
1103 3113 1128 3128 ..

112 3138 184 3208 poto
202 3152 263 3206 epo:
291 3138 591 3207 consenueris)...
631 3141 680 3194 otii
698 3139 829 3208 pol(rb).
892 3139 1066 3209 textingui:
1089 3143 1129 3197 sio

111 3209 245 3278 golbb).
300 3214 315 3262 7
335 3225 351 3263 e
368 3210 434 3278 pol:
453 3225 520 3263 roro
539 3225 573 3264 ex
591 3156 635 3264 rx.
652 3212 657 3279 Ι
672 3210 788 3264 adtollit
804 3227 820 3264 o
839 3210 957 3280 (att-,gl
1012 3216 1028 3265 8
1047 3211 1129 3266 ileli-

112 3279 174 3335 tius
190 3279 259 3348 pol,
274 3278 403 3334 melicius
423 3279 482 3334 Ode
500 3281 547 3348 (cs.
560 3279 678 3336 Meletos
698 3280 743 3335 Pl.
759 3286 818 3345 ²81⁷
837 3295 858 3335 e.
877 3279 990 3337 Miletos
1005 3283 1050 3336 Pl.
1068 3283 1127 3338 ind.

113 3352 175 3420 asp
202 3348 304 3404 llelins
326 3366 437 3420 quoqne
460 3350 505 3406 rb.
531 3357 535 3418 Ι
560 3351 690 3406 adfirmet
710 3367 739 3405 o:
767 3351 891 3406 affirmet
910 3367 937 3421 g.
992 3358 1008 3406 9
1031 3368 1128 3408 runce-

111 3421 221 3476 tionem
231 3420 281 3476 br:
295 3421 499 3476 mancationem
509 3422 574 3490 pol,
589 3421 759 3477 evulsionem
769 3421 805 3475 rb
816 3421 906 3490 (Ode).
944 3429 976 3476 11
988 3424 1017 3478 et
1026 3438 1076 3478 om.
1086 3423 1126 3506 rt]

87 3557 92 3568 Ι
113 3490 323 3560 aliquantulum
341 3493 381 3547 ld.
437 3498 470 3546 12
489 3491 576 3548 etiem
593 3492 638 3547 illi
655 3492 760 3563 vigoris
779 3491 887 3562 stiptici
904 3494 925 3548 t
944 3495 971 3550 d.
992 3496 997 3564 Ι
1021 3494 1128 3565 stiptior

78 3635 81 3639 .
113 3563 198 3618 etium
214 3579 233 3632 9
252 3561 381 3634 (styptioi
399 3565 434 3633 o).
