2392 3856
509 224 550 232 —
599 188 662 253 153
709 225 749 234 —-

190 355 267 411 XX.
297 357 347 412 De
369 355 530 411 utureic.

192 472 347 535 Satur-eine
374 473 467 534 calida
494 475 593 536 viset
619 493 712 555 prope
740 476 833 554 ignita
855 486 910 537 est.
952 478 1031 539 node

120 561 168 624 illi
190 569 222 623 et
243 579 352 625 nomen
374 560 503 624 inditum
525 563 666 643 credunt,
694 562 774 642 quod
804 582 916 644 pronos
943 565 1032 627 iaciat

120 652 156 711 in
183 668 332 712 tencrone
372 648 440 712 ideo
467 658 499 712 et
525 650 661 732 mendae
683 651 881 732 probibentur
907 670 973 715 eom
999 656 1031 715 ln

121 738 192 800 cibo
215 756 343 800 sumere.
379 757 448 801 nam
466 741 537 801 trita
555 747 586 800 et
602 742 701 801 ventri
719 743 907 821 superposito
927 750 1031 822 partus
1127 790 1133 797 .

90 829 214 888 seriam
241 834 376 889 mortuos
403 827 495 908 pellit
535 829 652 889 urinam
675 836 774 890 movet
803 848 839 890 ex
862 832 931 892 rino
953 837 1030 910 pota.

118 915 303 997 lethargicos
324 915 452 978 letaliter
478 915 660 979 dormientes
683 920 792 979 excitat
815 920 904 999 capiti
927 936 1032 980 eornm

118 1022 195 1065 cnm
213 1011 297 1066 aceto
316 1004 491 1086 frequenter
508 1005 614 1067 inlusa.
647 1006 833 1068 stomachum
847 1009 1032 1069 nausiantem

117 1091 172 1154 rel
192 1094 225 1153 in
251 1110 307 1154 ovo
335 1101 453 1174 sumptu
474 1093 520 1154 vel
547 1102 618 1174 pota
644 1095 807 1157 confirmat.
844 1103 949 1158 contra
970 1097 1031 1157 nni·

117 1180 212 1242 malin
239 1199 314 1261 quae
338 1182 481 1243 aculeatis
508 1182 617 1244 ictibus
646 1186 780 1245 snerirmt
803 1202 862 1245 non
885 1183 1032 1247 inutiliter

77 1280 107 1321 Ι
118 1267 290 1330 adhibetur.

189 1435 282 1491 m
314 1437 363 1491 Do
385 1448 499 1504 porro.
1041 1424 1128 1562 232·
1176 1434 1179 1439 “

191 1550 287 1614 Porro
319 1556 446 1635 capitato
474 1555 510 1616 ad
543 1554 636 1616 multa
664 1556 798 1635 corporis
825 1555 895 1615 ritis
922 1552 1031 1634 llippo·

119 1649 223 1703 crates
244 1659 320 1703 usus
343 1650 397 1703 est.
434 1660 539 1703 sucum
558 1645 623 1703 eins
646 1644 821 1722 sanguinem
838 1640 1032 1703 relclentibus

119 1730 215 1793 etiam
241 1728 338 1791 solum
365 1730 528 1793 bibendum
554 1730 650 1812 dedit,
682 1733 815 1810 quamvis
843 1732 937 1792 ceteri
963 1747 1032 1791 cnm

119 1816 200 1899 galle
225 1818 272 1879 vel
300 1821 376 1880 turis
408 1819 501 1881 larino
533 1817 663 1880 dandum
695 1820 892 1881 censuissent.
931 1818 1032 1879 vulvas

80 1914 107 1957 ¹⁸
119 1913 294 1969 concretas
311 1907 417 1970 eodem
435 1927 508 1969 suco
526 1906 656 1969 resolvit.
692 1908 790 1986 ipsum
809 1908 898 1968 etium
916 1908 947 1968 ln
965 1905 1032 1967 cibo

119 2117 187 2161 cnm
209 2118 323 2160 rosaceo
351 2104 416 2159 trita
443 2111 578 2160 tumorem
605 2101 781 2160 uticulorum
810 2101 920 2159 tollunt
956 2100 1032 2159 calda

120 2186 154 2243 in
175 2201 230 2261 qna
250 2187 374 2244 coxerint
395 2187 482 2262 capita
503 2186 576 2259 elus,
606 2186 698 2245 loreto
720 2192 801 2261 caput
828 2186 1031 2256 freneticorum,

120 2285 251 2329 murnum
273 2270 345 2328 iacit
381 2287 473 2328 semen
495 2272 554 2329 eius
577 2273 671 2328 ultum
692 2287 754 2328 cum
777 2287 845 2346 equa
867 2271 962 2345 capitis
984 2269 1033 2326 do·

120 2352 212 2413 lorcin
234 2354 307 2412 tollit
329 2363 358 2411 et
378 2371 504 2412 somnum
526 2355 599 2413 lacit„

88 2512 118 2557 n
188 2489 313 2551 Satureia
333 2490 419 2550 callda
440 2501 482 2549 cst
504 2499 532 2548 et
553 2507 641 2566 prope
662 2492 755 2565 ignita.
785 2504 910 2547 venerem
925 2497 1029 2545 movet:
1049 2482 1105 2552 (lb)

121 2570 186 2635 fleo
213 2577 242 2632 in
270 2584 351 2634 utero
377 2574 540 2633 habentibus
565 2575 623 2631 dari
649 2573 821 2649 prohibetur.
858 2587 951 2629 semen
972 2573 1032 2629 etus

122 2660 221 2717 unum
247 2675 281 2716 ex
309 2661 371 2718 rino
397 2668 494 2735 potum
522 2661 627 2715 urinam
649 2664 750 2715 movet.
791 2657 857 2715 lolio
881 2656 942 2713 eius
968 2656 1031 2713 trita

122 2758 188 2801 cuna
209 2752 287 2801 aceto
310 2744 395 2802 fronti
416 2744 540 2801 inlinito:
563 2742 728 2816 lethargicos
743 2743 865 2799 suacitat.
905 2734 953 2817 [ad
974 2748 1031 2797 ato·

124 2827 251 2885 menum
274 2845 335 2884 cnm
359 2829 421 2885 vino
443 2837 472 2885 et
494 2845 563 2902 aqua
584 2826 659 2884 caica
681 2825 804 2899 bibitur]

130 3082 138 3093 ,
195 3028 396 3099 189999ῐοί999
397 3027 629 3099 4999999999
629 3028 707 3087 ‚ll
761 3028 889 3085 sitliet
905 3027 1137 3098 yzoelillilrb

125 3045 456 3182 loredilwl.ilucitr
517 3046 746 3170 31deoetyol
767 3099 1138 3183 adeoqnorbienmaol

121 3170 222 3227 corb.
280 3169 426 3240 supponis
446 3167 561 3240 99ῑὸ
588 3171 734 3241 supposito.
750 3171 796 3226 rb
855 3170 978 3240 opellrl
998 3173 1065 3242 991
1092 3187 1139 3227 ex·

120 3241 270 3369 fficio
286 3243 403 3306 {morel
419 3257 493 3298 exv
507 3243 572 3312 991.
591 3245 688 3298 movet
705 3246 831 3298 etexr
845 3242 890 3296 rb.
940 3241 1139 3325 tlitbnrgieos

216 3311 475 3382 oxomensem)
464 3315 531 3382 )99
555 3312 740 3384 (lylhergicoa
760 3310 905 3395 lethaliter
922 3313 956 3381 r).
1012 3312 1137 3368 tnunsi-

121 3384 282 3441 nlemzol
309 3385 536 3454 mneenntemy.
599 3389 697 3440 iinon
713 3387 751 3453 (ir)
772 3381 929 3437 utilitero.
993 3388 1024 3437 11
1045 3383 1140 3453 cupite

121 3453 198 3511 udo
189 3453 380 3581 lbippolypo·
370 3455 502 3523 dentes
515 3471 561 3524 99
609 3460 643 3509 12
661 3471 758 3511 sucum
776 3469 835 3508 eins
851 3452 917 3523 991
936 3469 1051 3508 succum
1064 3455 1139 3509 enim

121 3525 218 3582 duca·
