2392 3856
465 222 685 287 -37—

10 378 22 400 “·
80 381 189 443 melle
180 399 213 442 ιιι
240 379 308 442 cibo
336 391 461 462 sumpta
505 392 536 445 et
563 387 638 445 tussi
665 392 695 446 et
722 402 813 464 puru-

10 459 155 532 *leons
186 468 427 532 excreationibus
463 472 608 534 medetur.
658 471 815 534 adversum
841 485 929 549 auso.

10 551 238 622 diuturnam
264 560 372 619 tussim
400 558 546 621 falernum
569 562 671 621 vinum
702 560 814 622 utiliter

10 642 205 710 sorbetur
228 662 355 709 merum
382 646 459 708 ab
450 650 567 711 ieiunis.
608 648 683 710 licus
715 648 814 710 aridae
841 660 945 724 autin.

59 743 237 818 iooquuntur
256 753 326 796 cum
344 734 457 816 hysopo
475 755 512 798 ex
531 754 607 817 aqua
630 755 723 816 eaque
738 755 814 818 aqua

76 823 263 887 tussientibus
294 825 477 903 propinatur.
524 834 595 887 sunt
626 825 814 888 membranae
842 837 931 901 ants

11 948 20 985 ;
74 911 266 975 lurcntribus
280 911 509 992 gallinaceorum
523 932 598 992 quae
613 916 814 994 proiciuntur:

10 999 170 1069 buum
197 1001 275 1062 cinis
302 1000 474 1081 potionibus
503 1003 657 1082 inspersus
686 1001 813 1064 destilla-

10 1084 705 1170 doucapectorisetbumidastussessiccat.
720 1099 814 1152 testae
876 1093 913 1148 sb.

10 1180 13 1255 l
36 1189 57 1229 ιι
68 1177 185 1240 cocleae
199 1177 310 1239 crudae
324 1180 412 1240 tritae
426 1197 495 1240 cum
509 1197 602 1258 aquae
617 1178 733 1260 tepidae
749 1197 813 1260 cya-

10 1265 126 1328 this
143 1264 241 1328 tribus
260 1265 428 1329 sorbentur.
466 1267 501 1329 ad
525 1270 632 1329 tussim
655 1267 814 1329 sedandam
841 1278 884 1340 ιο
886 1277 929 1328 ts

67 1353 187 1415 cocleae
205 1373 271 1417 cum
290 1357 376 1417 testis
395 1358 458 1417 suis
481 1359 568 1417 tritae
588 1354 702 1415 adiecto
726 1372 814 1415 croco

66 1441 209 1504 eduntur.
242 1462 346 1505 sevum
365 1445 465 1505 ovium
484 1445 640 1505 decoctum
660 1460 728 1503 cum
747 1443 814 1502 vino
842 1452 928 1515 sobo.

61 1538 189 1593 austero
205 1535 280 1593 tussi
298 1533 443 1594 medetur.
472 1550 525 1593 ova
544 1541 627 1592 cocta
646 1548 715 1592 cum
729 1529 815 1592 melle
842 1539 929 1603 aaut.

23 1634 47 1675 1⁵
60 1622 136 1682 trita
163 1621 196 1680 iu
222 1619 290 1680 cibo
313 1620 430 1682 dantur.
468 1638 521 1681 ova
551 1622 642 1682 cruda
669 1622 815 1700 permixta
877 1619 913 1675 sb.

60 1726 134 1771 cum
155 1710 223 1788 pari
246 1708 333 1769 modo
361 1710 441 1788 passi
468 1707 619 1770 bibuntur.
656 1707 815 1769 sandaraca
841 1717 946 1781 antii.

60 1814 134 1858 cnm
156 1798 258 1857 resina
285 1795 486 1858 terebinthina
509 1815 563 1858 ovo
592 1795 695 1858 sorbili
722 1797 815 1858 inclita

61 1885 173 1947 editur.
204 1886 343 1946 ursinum
366 1885 406 1946 lcl
428 1887 609 1965 permirtum
627 1902 696 1945 cum
719 1882 814 1946 melle.
842 1893 947 1956 astus.

61 1973 172 2034 sabroe
188 1974 258 2052 equi
276 1973 376 2034 triduo
394 1980 512 2054 potatae
531 1974 626 2034 ternis
644 1971 815 2052 potionibus
876 1972 913 2026 ib.

22 2074 49 2116 so
62 2079 99 2122 ex
114 2078 193 2141 equa
207 2060 300 2122 calida
320 2070 437 2123 sanant:
455 2078 567 2140 equum
580 2062 671 2122 morti
684 2060 815 2142 tradunt,

61 2149 217 2211 hominem
236 2158 348 2212 sanant.
384 2148 486 2231 pulmo
507 2151 645 2211 cervinus
660 2166 728 2210 cum
747 2149 814 2230 gula
876 2149 913 2208 cb.

62 2238 214 2299 arelactus
236 2240 268 2299 iu
291 2238 387 2319 dumo,
414 2236 520 2299 deiude
539 2246 634 2313 ,tusus
663 2256 700 2299 ex
727 2236 814 2299 melle

62 2326 187 2388 cottidie
206 2326 379 2388 sumendus.
416 2325 662 2388 sorbitiunculam
681 2344 717 2387 ex
740 2326 814 2386 alica
842 2334 945 2399 usual.

63 2432 135 2475 sevo
154 2416 276 2495 caprino
295 2422 471 2495 perunctam
489 2413 586 2496 dabis,
607 2417 705 2495 picem
728 2413 813 2493 liqui·
842 2423 928 2486 uaso.

23 2515 50 2554 2⁵
64 2501 132 2563 dam
154 2505 186 2563 in
209 2520 273 2565 ovo.
310 2504 394 2563 iecur
412 2502 474 2585 lupi
494 2510 612 2564 coctum
631 2503 695 2564 esui
719 2501 813 2562 datur.
841 2509 947 2573 autea.

60 2779 367 2932 eremitali
374 2781 574 2906 renisus
592 2779 794 2905 tulius
810 2776 930 2919 ild
947 2776 1081 2934 (liridi

107 2925 125 2974 ι
152 2919 383 3002 propinanturp
387 2922 415 2975 d.
487 2920 721 2976 {idistillaiiones
744 2921 793 2991 poi.
866 2927 882 2975 9
938 2919 1022 2975 οιοιιι

60 2988 229 3059 perusina
254 2992 260 3060 l
285 2938 801 3047 eihumidusiuseessiccabteebue:
821 2990 918 3058 cfiP
937 2936 1080 3046 etumidd

61 3059 220 3130 (elisii.
222 3062 232 3130 )
242 3061 690 3119 tussimuelreoambostalenib
710 3061 827 3118 Oooleaa
837 3061 939 3118 crudae
952 3060 1078 3118 tritae...

31 3131 157 3257 offic
174 3132 266 3187 bosius
284 3133 329 3188 hic
346 3137 444 3187 smum
460 3133 569 3188 υιάιιιιι
586 3150 620 3188 ec
640 3133 717 3188 Plus.
736 3135 819 3189 ιοιιιι
872 3130 1078 3189 iuueniores.

31 3200 67 3273 Ἰ
124 3200 198 3259 eodo
222 3218 303 3258 muco
324 3204 420 3273 pd(r).
447 3219 511 3258 cum
529 3205 662 3274 protropo
683 3204 759 3260 Ptin.
833 3208 867 3258 il
888 3203 1078 3274 susbcripsi!

59 3271 164 3327 ιιιιιιι
181 3287 207 3343 p.
273 3279 307 3329 ιι
325 3290 389 3329 cum
407 3289 490 3344 passo
504 3274 619 3357 oleique
637 3273 700 3344 pari
717 3275 802 3331 modo
822 3274 867 3328 Pl
934 3280 965 3329 i'i
985 3290 1078 3330 oros.

60 3342 155 3399 indita
181 3343 412 3400 om.Pl.19
440 3343 527 3400 bernis
553 3344 715 3428 potionibus
737 3363 771 3401 ex
799 3360 867 3400 sc.
891 3360 940 3399 om.
962 3344 1006 3396 Pl.

61 3418 98 3469 ιθ
116 3417 377 3484 equum-sanent
394 3416 447 3485 pb:
465 3430 516 3471 om.
535 3416 562 3471 d.
585 3419 589 3485 Ι
614 3416 711 3471 morti:
730 3415 801 3471 mori
821 3414 866 3468 Pl.
938 3419 972 3468 ua
991 3412 1080 3469 sorbi-

60 3483 219 3540 iinnculum
237 3501 287 3556 pr·
317 3484 422 3542 Sorbibi
439 3485 546 3569 ungula
569 3486 628 3555 (sic)
646 3486 666 3541 d
617 3487 782 3556 )(pnlie
805 3483 923 3540 alioscis
942 3484 1007 3554 Pi..)

62 3560 98 3609 ιι
118 3570 198 3611 seno
217 3556 324 3628 seule.
397 3561 431 3611 ιι
451 3571 578 3624 sempr
597 3556 705 3612 ueniri.
