2392 3856
471 224 713 288 -115-

196 379 222 432 V
249 378 333 434 Potio
351 379 388 434 ad
406 379 533 434 dolorem
552 379 689 434 stomachi
707 380 811 449 splenis
829 383 858 436 εὴ
876 382 967 451 epatis

182 449 221 504 VI
247 449 293 504 Ad
311 449 533 504 calefaciendum
556 451 731 505 stomachum
755 450 843 506 etad
866 453 1012 522 angustias
1036 453 1095 508 eius

168 519 222 574 VH
238 515 295 574 'Ad
314 520 528 576 confortandum
547 522 722 576 stomachum

155 591 223 645 VIII
249 591 296 645 Ad
314 591 501 662 digestionem
520 593 658 647 stomachi

181 662 220 716 IX
247 662 295 716 Ad
312 661 456 717 fastidium
474 663 611 717 stomachi
630 666 659 717 et
677 662 714 717 ad
732 663 934 719 carbunculum

194 732 220 785 X
247 733 345 858 {Em
358 733 395 788 ad
413 735 556 788 tonsuram
572 733 710 789 stomachi
724 734 770 788 vel
784 733 821 789 ad
836 734 1024 791 defectionem
1037 735 1095 791 sive

305 804 443 858 vomitum

180 874 221 928 XI
249 874 294 928 Ad
312 874 467 944 singultum
486 877 515 929 et
532 874 670 930 vomitum

166 945 221 999 XII
248 945 294 998 Ad
312 946 440 1000 ardorem
458 945 596 1000 stomachi
615 949 644 1000 et
661 945 737 1001 sltim

154 1016 222 1069 XIII
250 1016 296 1069 Ad
314 1015 405 1071 cordis
424 1015 550 1071 dolorem

142 1085 221 1140 XIIII
250 1086 295 1140 Ad
314 1087 405 1142 cordis
424 1086 536 1155 pulsum

167 1157 220 1212 XV
248 1158 293 1211 Ad
314 1156 538 1226 praecordiorum
558 1157 684 1213 dolorem

153 1228 219 1282 XVI
247 1228 292 1282 Ad
310 1228 429 1298 ligulam
448 1230 478 1283 et
495 1228 633 1284 vomitum

144 1299 223 1353 XVII
251 1299 296 1352 Ad
315 1315 383 1368 epar

129 1370 220 1424 XVIII
248 1370 294 1423 Ad
312 1371 437 1440 splenem

130 1441 220 1494 XIX
248 1440 293 1494 Ad
312 1457 342 1495 os
361 1440 467 1496 ventris
486 1441 680 1511 stringendum

167 1512 220 1566 XX
248 1512 293 1565 Ad
310 1512 415 1566 ventris
433 1512 558 1566 dolorem
576 1513 612 1566 et
626 1510 683 1566 alia
701 1511 771 1566 vitia

154 1583 220 1637 XXI
248 1582 293 1636 Ad
311 1581 462 1637 lumbricos
480 1583 509 1637 et
526 1583 617 1637 tineas
635 1583 775 1638 necandas

142 1653 220 1709 XXII
247 1654 292 1707 Ad
310 1654 436 1708 tormina

132 1725 223 1780 XXIII
251 1725 296 1778 Ad
313 1728 440 1779 ventrem
458 1724 672 1793 temperandum

119 1795 222 1851 XXIIII
250 1794 296 1849 Ad
313 1799 471 1850 tenesmum

142 1867 222 1921 XXV
250 1865 296 1919 Ad
314 1866 436 1921 coleram

129 1936 222 1992 XXVI
250 1937 295 1992 Ad
314 1937 432 1992 celiacos

117 2008 222 2064 XXVII
250 2007 295 2061 Ad
312 2007 419 2062 fluxum
436 2005 542 2063 ventris
561 2005 755 2076 stringendum

106 2079 224 2134 XXVIII
251 2078 296 2132 Ad
314 2077 508 2133 dissentericos

128 2149 222 2205 XXIX
250 2149 295 2203 Ad
314 2148 507 2204 dissenteriam
525 2149 555 2202 et
572 2148 747 2204 Xeutericam

139 2221 222 2276 XXX
249 2220 294 2274 Ad
312 2219 379 2275 colli
400 2219 525 2274 dolorem

125 2292 221 2347 XXXI
248 2291 292 2345 Ad
310 2290 438 2346 intestini
455 2290 571 2344 vulnera
590 2291 779 2346 condilomata
796 2293 908 2346 naturas
925 2294 954 2347 et
972 2292 1093 2361 ragades

115 2363 222 2419 XXXII
248 2362 293 2415 Ad
311 2361 445 2416 intestina
462 2362 547 2430 rupta

107 2432 221 2490 XXXIII
249 2433 293 2486 Ad
311 2433 396 2502 yleon

99 2499 219 2560 IXXIIII
246 2504 292 2558 Ad
309 2503 407 2558 lateris
426 2503 552 2558 dolorem
569 2504 600 2558 id
618 2506 662 2557 est
679 2502 829 2571 plereusim

114 2574 218 2631 XXXV
247 2575 291 2628 Ad
310 2571 450 2629 costarum
467 2573 620 2629 fracturam

105 2645 223 2701 XXXVI
250 2644 295 2698 Ad
313 2644 424 2699 lumbos
442 2644 569 2700 dolentes

94 2713 222 2772 XXXVII
249 2716 294 2770 Ad
312 2732 410 2770 renum
429 2715 553 2771 dolorem

83 2782 221 2844 XXXVIII
249 2787 294 2842 Ad
312 2787 421 2842 vesicae
440 2785 570 2841 dolorem

103 2857 223 2914 XXXiX
250 2858 296 2911 Ad
316 2857 455 2913 calculum

169 2929 220 2984 XL
248 2928 294 2982 Ad
312 2927 545 2984 incontinentiam
562 2928 659 2983 urinae

154 3000 221 3055 XLI
247 2999 292 3054 Ad
310 3000 494 3055 verendorum
516 2998 587 3053 vitia
610 2999 634 3053 si
655 2998 814 3055 formIcatio
839 2999 877 3054 sit
894 2998 940 3054 tel
959 3013 1092 3053 verrucas

142 3071 220 3126 XLII
248 3070 293 3126 Ad
310 3072 397 3126 testes
415 3072 501 3139 atque
518 3069 636 3125 ramices

129 3141 221 3197 XLIII
247 3142 293 3195 Ad
310 3141 427 3212 inguina

116 3211 222 3268 XLIHI
248 3211 294 3266 Ad
311 3211 503 3282 intertrigines

144 3283 222 3338 XLV
249 3282 294 3338 Ad
313 3299 409 3352 scyam

130 3353 220 3409 XLVI
247 3349 293 3408 Ad
312 3370 397 3409 ooxae
416 3353 541 3409 dolorem

117 3424 220 3480 XLVII
248 3424 293 3479 Ad
311 3425 502 3494 geniculorum
520 3425 645 3479 dolorem

107 3493 220 3551 XLVIII
246 3495 292 3550 Ad
309 3494 444 3550 tibIarum
462 3494 586 3550 dolorem

132 3565 220 3622 XLIX
247 3567 293 3622 Ad
311 3566 433 3623 talorum
452 3566 577 3621 dolorem
