2392 3856
454 154 673 219 -49-

79 319 192 380 amittant
210 324 241 378 ct
259 315 430 378 enucleatae
449 333 518 377 cum
536 317 639 396 pipere
659 324 808 399 teruntur,

77 405 167 485 qubus
188 405 392 467 admiscentur
409 406 491 464 coria
509 404 577 465 meli
600 407 632 465 in
650 413 734 466 aceto
757 406 806 466 de·

74 503 152 576 oco,
184 493 285 555 oleum
316 500 347 554 et
379 494 558 554 acerrimum
590 501 707 554 acetum
738 511 807 554 cum

71 582 182 646 tribulas
200 582 338 643 adicitur.
366 580 516 661 oportebit
534 589 633 642 autem
652 583 704 660 qui
722 599 806 642 cura·

67 667 137 735 bitur
153 673 278 751 potione
296 687 386 750 quom
409 668 575 730 diutissime
593 667 743 730 abstinere
764 703 805 711 —

67 768 157 842 utpote
186 758 268 839 quod
296 764 328 819 et
355 759 465 818 vomitu
493 766 523 818 et
549 776 604 838 per
627 756 729 818 sedem
756 776 805 817 cx-

67 847 181 911 hauriat
231 845 375 907 adversns
411 862 499 924 quam
536 845 667 906 lactucae
705 846 805 907 caules
833 857 922 918 emat.

67 944 166 1017 meo
189 936 320 995 maiores
343 941 374 995 et
396 935 556 994 amariores
579 937 611 995 in
633 936 733 1013 petina
756 953 804 995 co·

67 1030 189 1104 quartur
213 1041 251 1084 en
278 1039 354 1102 aqua
377 1029 408 1081 et
435 1023 478 1082 sic
505 1022 644 1083 eduntur.
682 1023 805 1103 cydonia
833 1035 937 1096 2³,100.

67 1120 171 1174 natm
202 1109 296 1172 cruda
323 1112 355 1169 in
387 1108 454 1169 cibo
482 1118 650 1172 sumuntur.
694 1114 804 1191 optime

67 1201 126 1263 icit
147 1206 181 1260 et
201 1201 284 1279 potio
303 1199 389 1259 cuius
413 1201 657 1277 compositionem
675 1217 745 1260 cum
768 1199 804 1259 do
834 1203 961 1273 (tatas.)

67 1285 209 1351 ommno
222 1286 390 1347 diceremus
404 1290 603 1366 exposuimus.
627 1286 716 1348 bacae
730 1291 804 1348 acri·
833 1299 937 1361 24‚1to.

67 1372 127 1435 'an
147 1376 234 1435 tritae
253 1381 284 1435 et
307 1393 345 1434 ex
368 1376 436 1434 vino
459 1374 553 1434 datae.
592 1391 745 1434 mororum
768 1370 804 1434 de
833 1386 938 1447 aeine.

67 1461 139 1524 ubo
157 1478 245 1523 suone
261 1463 423 1522 efficaciter
444 1461 564 1522 bibitur.
598 1479 674 1540 aqua
692 1463 805 1522 marina
833 1473 920 1535 alpe.

67 1549 150 1612 elida
175 1548 311 1630 clysterio
334 1549 509 1611 infunditur.

115 1713 217 1772 vm.
240 1713 469 1771 nominibus.

117 1831 252 1893 Lactuca
274 1832 405 1892 discocta
424 1829 522 1892 editur
542 1850 578 1892 ex
597 1832 662 1892 oleo
686 1836 802 1913 cymino

67 1920 112 1983 ale
140 1921 248 2000 sinapi.
289 1937 377 1979 ovum
407 1919 534 1980 crudum
566 1919 741 1981 dillunditur
772 1923 803 1980 in

67 2025 138 2090 uso,
162 2014 305 2087 putamen
329 2010 394 2068 eius
417 2007 558 2086 impletur
581 2008 646 2068 oleo
670 2006 749 2087 quod
773 2009 804 2067 in

67 2114 123 2158 aso
151 2095 343 2175 diffunditur,
370 2094 473 2155 cadem
501 2097 615 2158 ratione
645 2105 676 2157 et
703 2098 803 2157 vinum

67 2191 83 2245 rt
106 2183 182 2264 mel,
204 2185 306 2244 vinum
334 2184 373 2243 sit
401 2189 566 2245 austerum:
598 2184 671 2246 baec
694 2186 802 2266 permi-

67 2280 180 2333 eentur
193 2273 224 2331 in
239 2289 333 2332 unum
347 2270 502 2351 cocleario,
515 2280 545 2332 et
559 2271 679 2335 bibitur.
703 2273 803 2334 holera
831 2273 846 2305 *
865 2275 926 2343 (om.
945 2279 972 2344 r)

126 2429 144 2479 8
163 2427 193 2479 ct
210 2422 304 2479 oleum
318 2423 344 2478 d.
367 2421 373 2506 1
397 2423 563 2478 acerrimum
581 2440 632 2480 ooo.
646 2425 673 2480 d.
699 2425 704 2492 1
728 2423 892 2479 cumtriblcs
910 2438 928 2491 9
951 2425 986 2492 (et
1005 2431 1070 2480 cote

67 2509 126 2550 m.
139 2495 179 2562 d),
198 2511 262 2548 cum
276 2493 389 2549 tribulas
407 2496 454 2548 d⁶.
506 2501 522 2550 6
540 2497 640 2564 ntpobe
658 2495 734 2563 quod
752 2496 781 2561 (i.
801 2491 868 2562 quia
885 2492 940 2547 hoc
954 2493 1071 2564 malum

67 2564 152 2633 fied.
170 2563 250 2620 Rom.
269 2574 301 2631 11,
325 2568 360 2619 25
387 2565 426 2622 io.
450 2565 500 2620 ubi
525 2566 591 2619 baec
612 2564 715 2632 primia
736 2564 820 2617 boisce
843 2562 961 2631 capituli
982 2565 1070 2621 verbu

67 2633 193 2692 lbolera.
204 2677 228 2690 ..
243 2650 378 2705 praeceps
400 2636 557 2703 icocpuotor
594 2637 685 2688 tomen
707 2633 789 2687 aiam
805 2631 887 2700 infra
909 2637 1071 2704 repetuntur

67 2708 119 2761 ee
138 2706 358 2775 composcere»
380 2707 414 2761 ao
438 2706 539 2762 terrm
559 2675 704 2758 boemano
730 2719 764 2759 ec
785 2704 909 2773 marytre
931 2705 1070 2775 emmam,

67 2775 142 2830 mlo
159 2779 268 2830 memte
280 2776 331 2830 eo'c:
351 2792 407 2846 quo
426 2778 456 2833 et
468 2775 605 2831 vomitum
619 2790 669 2844 per
682 2774 759 2830 sibim
774 2775 939 2845 exhauriat).
956 2778 961 2845 Ι
982 2777 1070 2833 romi·

67 2863 118 2902 nm
137 2846 202 2914 (ti)
220 2846 240 2899 cl
258 2845 405 2915 (vomitum
422 2847 557 2916 provocet
575 2849 605 2900 et
626 2863 654 2915 p.
671 2845 749 2901 sitim
766 2846 828 2902 exh.
845 2848 940 2917 pedore
959 2849 1015 2904 loco
1034 2854 1069 2920 r).

90 2922 107 2972 '1
127 2915 268 2971 Adversus
287 2933 373 2986 qnam
392 2919 437 2984 (cc.
458 2917 599 2973 choleram
616 2916 659 2986 cd
676 2921 702 2972 et
714 2934 761 2987 pr.
781 2919 799 2973 l.
817 2922 857 2989 ri:
884 2919 916 2974 ln
934 2935 1008 2989 aqna
1026 2923 1070 2989 (ec

67 3003 103 3043 ιι.
122 2988 209 3042 altero
227 2988 294 3056 loco)
318 2988 342 3042 b.
406 2988 562 3112 tppdonia
578 3005 608 3059 p:
628 2987 745 3044 oidonea
761 2990 788 3045 d.
855 2995 887 3045 10
906 2989 936 3045 in
954 2990 1025 3060 cybo
1043 3007 1069 3062 p.

90 3063 124 3111 11
139 3058 196 3114 oid.
214 3064 373 3126 altprect
392 3074 426 3112 ec
468 3058 485 3114 l.
505 3065 610 3128 calte.
657 3064 690 3114 12
705 3060 815 3115 Bechce
828 3058 1011 3131 <ccp>riiolii
1029 3062 1071 3132 (ut

67 3131 153 3198 repra)
171 3138 202 3198 9·
229 3129 272 3196 (ut
289 3129 346 3183 scel.
365 3129 398 3183 in
410 3129 496 3184 coice
514 3131 619 3186 litterae
632 3146 734 3186 rasura
750 3133 788 3187 eit
801 3147 867 3201 cap,
884 3132 1001 3199 foetosae
1013 3149 1069 3202 pro

67 3203 121 3254 :ui
138 3214 227 3269 cupro
245 3204 296 3267 ab.
325 3197 454 3268 aqniiolii
472 3201 584 3271 More).
606 3203 610 3269 Ι
633 3200 746 3271 agrifoli
803 3201 978 3258 ...dature
1026 3221 1069 3259 ro·

67 3269 493 3340 nnbudd.b,snbreniuntll1).
529 3272 801 3328 titddtormincd.
839 3278 1067 3343 18et19ranop:

67 3354 122 3396 noo
140 3340 189 3396 db.
265 3345 297 3395 19
316 3339 492 3397 diffunditur:
511 3343 546 3410 cf.
567 3342 685 3399 coicitur
703 3348 772 3412 ωδ.
845 3349 880 3398 20
899 3346 1009 3398 austere
1026 3343 1069 3411 pel

67 3410 185 3536 bbl-rnm
203 3413 239 3495 s).
293 3416 326 3465 nl
346 3413 376 3467 ct
393 3411 429 3466 ad
448 3413 636 3482 quantitatem
650 3413 780 3470 coclearii
798 3413 879 3469 nnius
897 3412 1032 3466 bibuntur
1044 3427 1069 3469 r.

114 3497 165 3536 era
244 3497 270 3552 p.

110 3581 177 3624 nunu
191 3582 287 3626 lunone
300 3584 415 3628 neutuna
891 3574 908 3624 4
