2392 3856
433 281 475 290 -
521 245 563 310 21
611 280 653 291 -

95 396 193 474 Vm.
215 413 388 483 intrem.

98 517 223 579 cocleae
261 517 327 575 sinc
368 518 521 594 putamine
558 519 646 577 tritae
682 516 783 577 inlitae
856 553 872 585 .

57 609 124 667 muti
140 624 212 667 cum
230 606 309 666 turis
323 602 434 682 polline
451 604 629 666 validissime
647 613 783 685 prosunt.

57 713 165 756 umores
193 693 352 755 oculmum
379 691 465 753 sedat
493 692 623 755 mulsum
649 694 784 774 tepidum
812 704 918 767 alnao.

57 802 67 844 r
90 783 229 864 penicillo
256 799 351 861 super
377 783 557 862 impositum
594 784 715 843 corticis
738 801 783 843 se·
812 793 899 856 aaut.

57 874 101 932 iae
136 873 233 931 iarina
260 873 292 930 in
323 870 438 949 epiiora
469 889 506 931 ex
541 870 617 931 lacte
650 870 785 931 mulieris

57 959 263 1020 ircumlinitur.
297 976 369 1018 caro
395 961 521 1039 peponis
543 960 668 1020 mirifice
696 960 782 1019 rclri-
812 963 1019 1033 ao,tt(orr.rb)

57 1055 131 1124 gerat
179 1046 241 1108 alha
275 1046 346 1108 heta
382 1049 454 1108 trita
486 1048 578 1108 tronti
610 1050 781 1127 imponitur.
810 1059 898 1121 20:10.

57 1135 162 1196 undem
188 1137 329 1197 effectum
354 1134 466 1196 hahent
489 1135 572 1196 hulhi
596 1139 660 1197 triti
686 1137 783 1197 oculis
812 1148 916 1209 mica.

57 1227 173 1304 upositi.
209 1227 277 1304 apio
299 1224 386 1284 viridi
414 1227 485 1285 trito
512 1242 582 1284 cum
604 1243 680 1304 pauc
704 1225 782 1285 oculi
811 1237 915 1297 touta

57 1322 187 1392 rgrmtur.
223 1314 320 1372 ocimo
341 1330 378 1372 ex
401 1315 470 1373 vino
492 1315 606 1393 optimo
629 1316 701 1374 trito
725 1316 781 1373 cir·
810 1325 916 1386 sonat.

57 1399 252 1461 umlinuntur.
287 1407 354 1461 ruta
369 1419 436 1462 cum
457 1401 576 1481 polenta
600 1404 728 1462 contrita
753 1410 782 1462 ct
810 1412 915 1472 acuat.

57 1491 172 1569 aposita
191 1488 265 1548 lenit
287 1487 425 1550 dolorem.
462 1492 542 1551 aucti
562 1490 644 1550 radix
664 1492 695 1551 in
714 1493 782 1549 vino
810 1499 914 1560 rotat

57 1580 101 1638 ita
141 1575 288 1638 inlinitur.
344 1580 500 1657 papaveris
536 1578 700 1639 cauliculus
737 1578 782 1638 rel
810 1588 914 1650 tonos.

57 1684 129 1727 cous
163 1665 209 1725 vel
241 1666 345 1726 vindis
373 1685 442 1727 cum
471 1686 526 1727 suo
559 1668 659 1728 fructu
693 1669 782 1727 tritus

57 1757 203 1834 upouitur.
240 1753 294 1814 lini
322 1772 425 1816 acmen
452 1773 520 1816 cnm
551 1763 618 1816 ture
642 1774 678 1815 cx
706 1750 781 1834 aqua
809 1766 914 1828 touta.

57 1861 132 1903 rsum
146 1842 376 1904 circumlinitur.
404 1842 529 1923 siliginis
543 1862 635 1924 grana
655 1847 685 1904 in
700 1845 781 1904 lcrro
810 1855 914 1916 aetla.

57 1939 110 1992 ›sta
132 1940 162 1991 et
180 1951 217 1992 ex
236 1933 306 1991 vino
325 1935 396 1992 trita
414 1931 672 1993 circumlinuutur.
710 1935 781 1992 item
810 1941 914 2003 aaut.

57 2019 171 2080 cuticula
193 2038 264 2080 cum
288 2020 429 2100 cydoneis
457 2029 541 2081 cocta
564 2030 594 2082 et
624 2038 682 2079 una
712 2022 781 2079 trita

57 2107 197 2169 dhihetur.
234 2108 353 2169 lentisci
382 2116 485 2170 tenera
509 2108 577 2168 lolia
600 2110 728 2168 coutrita
752 2116 782 2168 ct
810 2119 896 2182 atta

57 2199 124 2257 onti
147 2199 286 2276 imposita
309 2197 453 2283 epiloram
472 2196 667 2277 suspendunt.
701 2216 780 2257 mau-
809 2208 914 2269 hullt.

57 2303 175 2364 ragorae
194 2285 310 2346 radices
328 2294 412 2347 tusae
432 2304 501 2346 cum
520 2288 634 2346 rosacio
654 2304 690 2345 cx
714 2288 781 2346 rino

57 2374 120 2433 ritae
145 2373 364 2453 circumligatae
389 2374 532 2454 epiloram
554 2382 658 2435 sanant
678 2384 707 2434 ct
730 2375 779 2434 do·

106 2525 150 2578 tit.
165 2525 208 2580 Da
225 2525 332 2608 epiforp
349 2525 379 2580 id
393 2531 408 2580 a
422 2526 459 2581 ad
477 2527 607 2582 humores
621 2527 736 2582 oculoru
754 2526 861 2580 infusos
879 2542 910 2594 p,
928 2524 971 2577 hd
986 2525 1046 2594 epi-

57 2593 141 2648 horas
154 2595 181 2649 d.
215 2603 228 2650 t
244 2596 344 2652 inlitae
357 2596 445 2651 fronti
457 2614 488 2666 με
502 2596 589 2653 fronti
602 2597 693 2653 illitae
703 2598 732 2666 h,
746 2595 820 2668 illita
834 2599 894 2664 (om.
909 2594 1005 2664 fronti)
1019 2597 1045 2650 d.

71 2663 308 2735 uiuendum
320 2670 355 2736 r).
372 2672 377 2736 Ι
396 2668 549 2737 panniculo
563 2669 613 2724 bu.
639 2671 644 2736 1
669 2685 751 2738 super
770 2667 865 2722 oculos
883 2665 949 2736 imp.
968 2667 1012 2722 rb.

70 2734 211 2806 epiphoris
224 2738 263 2791 rh
281 2739 342 2807 (hoc
359 2738 396 2793 ad
414 2741 553 2794 tumorem
572 2755 613 2795 oc.
628 2741 658 2793 ot
675 2740 804 2794 ruborem
824 2743 862 2793 ert
879 2751 929 2793 rec.
945 2737 1012 2809 Po).

57 2821 105 2886 ‚ua
120 2808 218 2863 oculus
231 2808 291 2876 (lia
305 2808 332 2877 b)
351 2809 554 2865 circumlinitur
567 2827 590 2865 r.
632 2816 664 2864 10
679 2810 943 2866 ocimum—tritum
961 2810 1049 2865 oculis

57 2878 235 2959 uaumlinitur
257 2880 304 2936 rh.
377 2886 409 2934 tt
429 2896 493 2935 oum
511 2882 552 2951 pd
571 2881 650 2949 (Pl.):
679 2880 708 2936 in
727 2881 773 2935 rh.
799 2881 804 2951 Ι
829 2881 951 2937 contrita
973 2883 1047 2951 prb:

57 2949 99 3002 aa
119 2950 147 3004 d.
222 2955 256 3004 ta
278 2949 309 3004 in
331 2951 384 3019 pd:
413 2951 447 3005 a'x
468 2952 504 3005 rb
529 2952 608 3021 (Pl).
673 2957 705 3006 13
729 2950 863 3006 caliculus
901 2996 906 3007 .
932 2957 937 3020 Ι
963 2952 1047 3006 cauli·

57 3017 110 3074 ulna
187 3037 252 3076 cum
265 3038 286 3074 a.
296 3021 402 3076 fructu:
421 3025 507 3092 eaput
521 3023 565 3079 Pl.
587 3029 591 3090 Ι
614 3022 744 3078 cauliculi
758 3022 868 3077 rioci-
908 3021 940 3077 'ti
957 3022 1049 3092 impo-

57 3092 133 3146 untur
151 3092 199 3147 rb.
273 3098 306 3148 lt
324 3092 355 3146 in
372 3093 445 3147 ferro
468 3095 557 3150 tosta:
584 3095 729 3149 combusta
749 3093 794 3148 ΡΙ.
870 3096 997 3170 ittarta
1020 3095 1049 3151 ct

57 3160 214 3239 §rmorbz
232 3163 513 3234 toutataaxrinop‚
532 3167 607 3221 tosta
625 3167 655 3220 et
673 3158 779 3220 vinod.
804 3171 807 3177 '
830 3170 864 3220 18
880 3165 1049 3236 cydoneiap,

57 3227 189 3288 tdoueiad
206 3233 284 3302 (niis
298 3235 363 3302 boh
383 3234 520 3290 cothoniis
534 3236 571 3291 rb
586 3235 663 3306 (Po).
689 3239 693 3304 Ι
718 3238 748 3291 at
760 3251 817 3290 una
834 3237 901 3306 (unt
913 3248 947 3305 9⁰
976 3239 1048 3307 prb:

57 3300 144 3387 trino
161 3305 190 3359 d.
256 3310 289 3358 19
308 3304 471 3361 adhibetur:
496 3306 665 3362 adhibentur
683 3308 743 3377 (etc)
761 3308 815 3376 pd,
843 3306 947 3362 adiuva
976 3308 1020 3387 rh.
1043 3307 1045 3376 l

57 3386 120 3429 men
142 3375 170 3429 d.
244 3381 279 3430 20
297 3375 446 3446 epiphoras
463 3379 507 3431 rb.
532 3378 567 3445 cf.
588 3378 665 3434 Ptin.
689 3378 777 3434 oculis
801 3376 983 3432 inflammatis
1006 3392 1048 3427 m·

57 3447 165 3500 uantur.
239 3452 273 3500 22
299 3448 328 3500 et
352 3447 564 3518 circumligatae
582 3450 608 3505 d.
635 3451 639 3518 Ι
665 3449 816 3519 epiphoras
835 3449 879 3503 rh.
906 3449 910 3514 Ι
935 3461 958 3500 a.
973 3462 994 3501 a.
1014 3461 1048 3500 ao

57 3515 245 3586 .rcumligatae
263 3517 387 3573 dolorem
406 3518 482 3573 illico
502 3519 630 3574 aedanth
649 3521 695 3588 (m.
710 3519 791 3575 radix
804 3521 888 3573 tuma
901 3533 924 3570 o.
935 3532 956 3571 r.
972 3517 1049 3572 etex

57 3626 59 3636 ,
77 3585 148 3640 tn'ta
165 3587 288 3657 epiforaa
307 3590 389 3644 sanat
407 3591 437 3644 et
454 3588 532 3645 tollit
549 3589 675 3646 dolorem
693 3591 728 3662 r).
