2392 3856
498 193 740 257 -137-

106 353 222 415 deinde
250 363 397 436 torretur,
429 364 459 416 et
486 358 625 417 universa
653 364 741 417 tunsa
768 365 799 418 et
825 366 907 419 creta
935 357 1022 419 melle

106 445 228 522 optimo
255 446 347 504 mixta
377 443 566 523 subiguntur.
608 453 707 505 rutam
730 448 852 506 venenis
879 448 1021 507 resistere

108 530 258 594 mustelae
282 532 404 613 docent,
426 550 502 611 quae
524 551 593 593 cum
616 533 805 612 serpentibus
829 533 1022 596 dimicaturae

109 619 181 682 cibo
205 622 271 681 eius
293 612 455 682 armantur'.
487 619 589 682 docuit
611 630 642 682 et
664 640 717 682 rex
745 624 883 701 ponticus
906 621 1021 684 lllitbri·
1066 629 1082 663 *

84 708 212 790 sdates,
249 711 301 796 qui
328 728 398 770 cum
424 710 527 771 fratris
555 712 602 770 sui
633 712 754 771 timeret
785 710 907 771 iusidias
937 719 1021 772 rutae

111 797 184 858 lolia
203 812 254 858 xx
277 816 347 859 cum
369 797 485 859 duabus
504 798 631 860 nucibus
652 807 681 859 et
704 798 828 860 totidem
846 801 953 860 caricis
974 798 1024 859 ad·

111 888 208 947 mixto
228 886 297 946 salis
315 905 407 966 grano
421 886 543 948 cottidie
562 890 680 948 ieiunus
698 890 821 967 accepit.
854 905 911 948 nec
930 889 1025 948 mino·

112 992 178 1036 rem
209 972 296 1035 nobis
324 993 411 1054 opem
441 984 471 1037 et
499 984 602 1037 contra
629 978 703 1036 vitia>
723 978 858 1056 corporis
883 984 1023 1055 praestat.

112 1072 200 1125 aceto
224 1072 254 1123 et
281 1062 347 1124 oleo
375 1082 462 1124 roseo
490 1067 581 1125 mixta
603 1065 727 1126 mirifice
755 1064 888 1125 dolorem
920 1066 1024 1144 capitis

78 1153 230 1215 auvertit.
271 1151 438 1213 inllationes
462 1152 553 1235 cboli,
580 1155 653 1214 item
675 1156 807 1215 matricis
830 1155 1021 1233 omniumque
1036 1165 1130 1221 Dione.

110 1242 339 1302 interaneorum
358 1243 456 1301 statim
480 1243 594 1320 mitigat
613 1259 681 1302 cum
704 1241 812 1321 butyro
831 1250 861 1302 et
883 1242 949 1303 oleo
972 1242 1021 1302 de·
1041 1241 1111 1306 tuo.

112 1337 200 1391 coctu
228 1336 259 1390 et
285 1331 402 1390 iniecta.
443 1330 479 1390 ad
510 1328 673 1390 lumbricos
701 1329 850 1390 necandos
878 1330 950 1390 utile
978 1338 1025 1390 est

111 1415 216 1479 oleum
247 1416 358 1478 bibisse
387 1420 435 1480 cui
467 1426 534 1479 ruta
563 1419 679 1478 incocta
707 1426 761 1478 est.
806 1420 891 1496 ignes
923 1436 1024 1478 sacros

111 1522 186 1567 mam
204 1514 289 1567 aceto
308 1512 338 1566 et
357 1505 423 1567 oleo
442 1524 564 1567 rosaceo
583 1513 614 1566 et
633 1524 755 1567 cerussa
773 1513 938 1586 temperata
955 1505 1024 1566 ilico

77 1608 102 1650 u
113 1595 271 1674 extinguit
296 1594 385 1656 datur
399 1603 429 1655 et
443 1613 534 1656 sucus
544 1596 609 1655 eius
623 1603 691 1656 aute
706 1596 908 1656 accessionem
921 1592 1024 1654 biben-

112 1682 171 1745 dus
196 1691 301 1744 contra
328 1682 429 1745 febres
453 1702 521 1744 cum
544 1683 655 1763 frigore
679 1685 841 1744 venientes.
877 1682 957 1743 idem
980 1683 1024 1742 iu·

113 1770 245 1834 stillatus
268 1772 409 1833 auriculis
433 1773 525 1833 efficit
546 1780 581 1832 ut
604 1775 756 1850 contingat
778 1771 890 1832 audire.

184 1860 366 1922 Stultissime
381 1860 500 1940 quidam
509 1869 594 1921 rutae
604 1862 674 1921 vitia
688 1859 828 1920 dixerunt
842 1858 922 1938 quod
935 1876 1023 1919 vene·
1068 1909 1084 1943 s

110 1967 181 2011 rem
201 1948 349 2030 inhibeat,
375 1948 501 2029 genitale
521 1967 623 2009 semen
642 1950 808 2029 extinguat,
830 1949 959 2008 infantes
980 1949 1132 2032 lumem)

77 2050 102 2094 to
113 2046 205 2101 utero
221 2045 317 2098 necet.
342 2037 413 2098 iacit
426 2039 506 2097 euim
524 2037 597 2097 baec
611 2056 671 2098 nou
686 2039 758 2118 ipsa,
772 2037 825 2097 sed
840 2039 891 2115 qui
904 2037 1024 2097 virtutis

112 2128 183 2188 eius
201 2125 285 2186 obliti
304 2143 360 2185 uec
379 2125 500 2186 modum
519 2144 575 2187 nec
594 2134 712 2207 tempus
730 2126 886 2204 aspiciunt.
914 2132 945 2186 et
957 2124 1025 2186 ideo

115 2224 284 2294 temperare
299 2213 457 2293 prudentis
467 2222 556 2276 estut
570 2214 607 2275 de
617 2214 726 2276 auxilio
736 2232 795 2275 non
809 2215 1024 2275 iiatvenenum.

187 2390 260 2449 lluta
275 2393 412 2448 hortensis
427 2393 538 2447 nimium
553 2393 660 2449 virtutis
681 2391 795 2462 calidae,
818 2391 908 2447 omnia
921 2407 1025 2447 venena
1049 2389 1105 2457 (46)

123 2476 231 2550 expellit
253 2491 314 2532 cum
330 2478 392 2532 viuo
415 2484 489 2550 pota.
524 2493 606 2532 sucus
628 2475 758 2531 loliorum
780 2475 839 2530 eius
861 2490 923 2531 cum
945 2472 1026 2529 melle

81 2558 203 2618 ”altico
230 2559 361 2634 caligines
389 2561 533 2617 oculorum
560 2559 681 2615 discutit.
722 2575 784 2614 cum
811 2557 892 2614 melle
918 2565 1027 2631 sumpta

116 2643 273 2701 inflationes
296 2645 429 2702 stomachi
452 2642 534 2700 tollit.
570 2658 664 2698 semen
687 2643 745 2699 eius
769 2643 862 2698 tritum
884 2657 945 2698 cum
960 2642 1024 2697 vino

115 2730 198 2802 potui
220 2728 312 2785 datum
336 2729 469 2785 tortiones
492 2728 594 2785 ventris
616 2725 698 2783 tollit.

190 2902 204 2951 1
219 2898 304 2950 tunsa
316 2911 367 2965 gv:
381 2895 472 2951 tunel.
490 2897 494 2964 Ι
510 2895 589 2950 crede
601 2895 701 2963 gabo:
720 2893 843 2949 cribrato
856 2893 931 2964 llrb).
947 2895 954 2976 1
968 2891 1053 2948 melle
1088 2891 1132 2945 vl:

112 2965 197 3022 melli
214 2967 260 3021 rb.
305 2966 488 3021 tmustellae
505 2984 529 3020 r.
575 2965 771 3022 lmetridutec
788 2981 815 3035 g.
860 2962 1072 3031 tinucnbusiug
1121 2990 1132 3001 ·

113 3037 201 3093 dibus
213 3035 593 3106 rblndmixto-eottidie
606 3051 657 3092 om.
672 3038 689 3093 l.
727 3033 1132 3105 troseogcuosaceolub.

115 3109 122 3180 l
137 3106 230 3164 mixtu
246 3108 313 3178 gul:
336 3107 427 3163 mixto
443 3109 489 3163 rb.
541 3112 575 3161 10
592 3109 704 3163 avertit.
732 3106 890 3162 inflationes
904 3105 979 3161 chcli
997 3101 1132 3174 (inflacio-

113 3195 168 3235 ner
185 3179 243 3235 cuii
260 3180 431 3249 bzcicgcl.
481 3184 514 3233 11
533 3178 636 3234 buturo
655 3195 680 3236 v.
736 3178 883 3234 idolaum
899 3173 1133 3244 om.r(ncub).l

116 3248 489 3318 caioloorutai.sitl.ll
528 3251 690 3306 esacrosl.
732 3254 767 3304 14
785 3264 896 3304 cerussa
912 3248 978 3318 gul:
996 3262 1095 3302 cerusa
1108 3244 1134 3313 b,

115 3336 256 3393 cerum.
278 3323 283 3390 Ι
306 3319 456 3391 ilicogol:
485 3320 492 3332 '
518 3320 561 3375 'cc
583 3321 627 3376 rb.
698 3327 731 3375 16
754 3319 830 3374 idem
852 3320 919 3389 goir
946 3318 1016 3373 item
1034 3317 1080 3371 rb.

118 3397 154 3448 18
167 3391 302 3448 dixerunt
312 3392 414 3462 gold?
426 3395 466 3462 c):
485 3393 581 3447 roob.
618 3397 651 3445 21
671 3391 769 3446 modos
784 3392 801 3445 l.
838 3395 871 3444 22
886 3390 936 3443 fiat
949 3404 988 3458 gu
998 3387 1069 3456 (rb):
1091 3384 1135 3441 ln·

117 3463 177 3519 ciui
190 3464 208 3521 l.
249 3467 284 3518 nt
308 3479 378 3532 guae
398 3479 450 3533 seg.
473 3463 506 3517 in
523 3463 579 3517 cod.
605 3461 667 3517 Vct.
686 3462 770 3530 (Mai
793 3462 869 3530 bii)
891 3459 999 3514 adiecta
1016 3461 1082 3512 suut
1099 3472 1133 3512 a

117 3533 425 3613 ApuleigDioscoride
446 3535 597 3602 diuumque
618 3533 745 3602 Apuleio.
