2392 3856
459 232 702 299 -195-

71 400 207 479 eruunt,
230 397 393 477 efficacius,
416 398 442 456 si
465 399 509 457 eis
531 399 645 457 nitrum
667 397 713 457 rel
736 397 790 456 iris
813 399 981 459 accesserit.

70 494 177 549 coctae
205 503 242 545 ex
270 502 347 563 aqua
375 501 444 546 cum
475 484 588 565 hysopo
620 484 692 546 dant
721 486 874 563 potionem
905 503 982 565 quae

68 583 180 656 pectus
198 581 352 653 expurget
386 575 460 634 item
478 581 580 634 coctae
599 591 667 634 cum
686 575 755 634 rino
773 573 837 633 sedi
854 576 983 636 tumenti

68 669 225 745 praestant
248 661 377 723 salutare
400 662 573 723 lomentum.
608 664 689 742 ipsae
711 679 810 742 panno
832 661 933 723 inlitae
952 670 984 723 et

46 752 219 833 rinpositae
250 749 402 830 paniculas
438 750 588 829 parotidas
622 750 798 811 furunculos
829 758 982 830 rumpunt.

68 843 144 903 item
168 856 238 900 cum
264 839 334 899 feno
357 857 464 917 graeco
487 857 523 899 ex
546 856 622 918 aqua
649 838 788 900 decoctae
817 839 983 900 lomentum

69 930 187 990 iaciunt
210 926 289 1007 quod
313 930 465 1007 extinguat
487 929 556 987 vitia
578 929 747 1009 matricum,
771 944 839 987 cum
862 936 928 988 ruta
953 937 983 988 et

70 1016 160 1079 melle
184 1014 255 1076 dant
277 1033 384 1077 sucum
407 1017 459 1095 qui
482 1035 498 1075 a
520 1014 693 1094 pleureticis
721 1024 752 1077 et
778 1014 917 1095 pubnone
941 1019 982 1077 vi-

68 1108 154 1181 tiatis
173 1102 333 1165 salubriter
356 1102 520 1165 hauriatur.
557 1121 625 1165 cnm
644 1106 722 1166 aeris
744 1104 818 1164 flore
837 1106 982 1167 contritae

19 1193 291 1261 ,emolesussimis
314 1190 456 1253 tibiarum
474 1190 647 1252 vulneribus
667 1195 860 1272 inponuntur.
893 1195 981 1254 tritae

72 1300 141 1343 cum
169 1280 230 1342 sale
258 1282 450 1360 scorpionum
482 1279 576 1360 plagis
610 1280 776 1342 medentur.
818 1283 982 1342 canceratis

72 1377 184 1449 quanto
214 1371 387 1448 pinguiores
416 1370 527 1429 luerint
555 1370 643 1429 tritae
671 1377 701 1430 et
727 1371 872 1449 inpositae
899 1377 981 1430 tanto

10 1606 15 1681 ᾗ
133 1615 263 1673 Ficorum
290 1622 387 1671 natura
415 1613 574 1671 calidissima
607 1623 658 1673 est.
707 1614 774 1672 licus
803 1616 901 1674 virides
930 1616 980 1673 bu·
999 1622 1055 1688 (tn)

72 1708 192 1759 nectant
213 1707 242 1756 et
263 1696 402 1756 deducunt
423 1707 451 1755 et
479 1697 650 1756 caleiaciunt.
685 1700 845 1758 humectant
873 1700 982 1774 quidem

68 1780 133 1861 ¹qula
158 1785 254 1859 pingui
277 1800 344 1840 suco
359 1791 439 1854 sunt,
461 1781 622 1840 cal'elaciunt
637 1789 725 1840 antem
741 1794 856 1859 propter
876 1801 980 1842 sucum.

75 1877 225 1947 egeruntur
235 1869 314 1924 etiam
326 1866 469 1924 dulcedine
483 1868 614 1941 ipsorum.
643 1869 723 1943 primi
735 1885 802 1943 ergo
819 1868 865 1943 qui
881 1868 982 1926 luerint

74 1955 182 2027 pessimi
204 1960 270 2008 sunt
291 1960 405 2026 propter
426 1952 533 2007 nimiam
555 1954 758 2025 austeritatem,
781 1953 981 2029 subsequentes

10 2058 14 2067 ’
74 2038 199 2096 meliores
213 2044 287 2092 sunt.
318 2038 381 2092 sicel
397 2034 550 2093 calidissimi
567 2045 647 2110 sunt,
662 2038 710 2093 sed
727 2034 896 2112 egeruntur(
917 2039 980 2095 sicci

57 2123 142 2181 ¹cocti
168 2122 199 2178 ln
228 2136 297 2195 aqua
327 2136 388 2176 cum
416 2136 503 2195 ysopo
531 2122 621 2177 omnia
648 2121 809 2197 pulmonum
832 2124 893 2179 ulia
920 2139 982 2180 cum

73 2206 144 2263 tussi
164 2212 272 2264 curant.
311 2205 443 2261 triticum
466 2203 545 2261 melle
560 2205 743 2263 carbunculos
765 2207 807 2264 vel
824 2206 914 2264 ulcera
936 2223 983 2264 cu·
1065 2267 1069 2273 ,

10 2308 12 2339 ;
71 2299 142 2347 rant.
180 2288 288 2346 inlusus
310 2290 338 2344 in
360 2288 446 2345 mulsa
469 2287 568 2362 pedum
589 2288 730 2347 doloribus
745 2307 805 2348 cum
826 2291 982 2367 podagricis

68 2372 200 2446 prodest.

140 2522 191 2575 Do
206 2538 282 2576 uva.
683 2528 686 2533 '
999 2541 1057 2608 (ῃ)

39 2600 43 2605 ’
136 2614 191 2672 Ura
205 2616 290 2675 calida
306 2622 349 2673 est
370 2623 398 2672 et
420 2615 528 2672 bumida
542 2623 570 2673 et
593 2617 724 2690 egeritur.
761 2615 874 2672 maxima
889 2624 979 2673 autem

10 2722 20 2761 .·-
64 2702 128 2759 alba
151 2717 222 2775 quae
244 2701 327 2758 fuerit
348 2700 468 2758 calefacit
491 2699 613 2775 fortiter,
637 2700 699 2756 ideo
721 2702 784 2774 quia
799 2698 915 2757 multum
936 2717 978 2757 oa·

10 2784 22 2879 t.
61 2831 283 2844 —--

138 2935 985 3006 1Efficacinsantemsi...l(raonpv).lsieispol:
1014 2935 1087 2991 siin

56 3006 909 3078 eisrb,sid(cnm)eisd.lirisqoldxyrisnhyrisb.
963 3014 1087 3077 bysopo

10 3136 14 3143 ·
54 3079 229 3208 ppido
301 3078 634 3219 rurant-„atatim
651 3077 1093 3204 fbldtutassdtatt'.

55 3166 256 3292 culosnglda
280 3193 388 3291 despue
406 3222 450 3275 rb.
472 3220 477 3292 Ι
501 3220 608 3290 rumpit
618 3165 666 3276 ld
727 3167 753 3275 up
763 3192 952 3289 Itemqunrb.
974 3221 978 3288 Ι
1002 3220 1086 3276 foen'o

54 3310 102 3366 gr.
125 3309 159 3365 9,
176 3293 245 3348 feno
261 3310 302 3362 gr.
321 3293 378 3347 old
395 3292 592 3362 (foenugreeeo
605 3292 663 3360 rb).
708 3296 723 3345 l
743 3291 980 3361 extinguerem.
995 3293 1086 3360 pald:

54 3380 88 3423 v.
108 3382 150 3421 m.
170 3363 312 3434 exbinguii
333 3364 378 3418 rb.
442 3362 552 3417 8danl
575 3379 672 3417 sucum
694 3363 785 3431 pold:
812 3378 909 3418 aueum
931 3361 1086 3435 debirit!

57 3436 116 3508 qui
136 3452 167 3490 a:
188 3452 217 3505 qa
236 3434 323 3504 (qnia)
337 3451 362 3488 o.
383 3438 388 3502 Ι
407 3433 518 3489 vitiatis
534 3434 626 3516 pald:
654 3432 732 3516 vitiis
750 3434 794 3488 rb.
845 3439 861 3486 9
880 3433 1086 3503 contribam-ta)

55 3507 159 3577 poids
177 3506 265 3561 bitae
282 3506 328 3562 rb.
380 3512 413 3560 10
431 3503 569 3559 molesbis
587 3505 613 3559 d.
630 3505 635 3572 Ι
650 3503 795 3574 tybrarurn
813 3504 858 3559 rb.
906 3510 939 3558 11
959 3520 1087 3560 canona·

56 3579 104 3635 tis
121 3619 166 3634 ...
180 3576 360 3633 subveniunt:
375 3577 416 3632 sic
425 3577 541 3645 (ramata
550 3575 780 3646 interpretatione]
795 3575 864 3630 doce
876 3575 974 3631 Plinio
980 3581 1096 3643 bapti.

883 3661 943 3702 aaa*
