2392 3856
411 169 653 236 -107-

60 334 168 395 issent
181 347 338 394 renonum.
364 329 526 412 Pompeius
539 340 641 394 autem
649 350 774 414 magnus
802 345 908 409 cares.

60 419 191 484 thridoto
220 419 337 483 devicto
363 421 477 481 invenit
503 423 535 483 in
568 424 680 482 scrinio
709 424 773 484 eius

60 511 115 573 ms
142 526 234 570 manu
256 510 399 589 scriptam
427 512 687 592 compositionem,
715 528 774 591 qua

60 619 67 660 ι
98 605 295 679 praesumpta
329 596 472 659 adversus
504 601 603 660 omnia
631 598 774 660 veneficia
889 638 891 643 ·

83 694 187 749 totum
218 685 297 746 diem
333 693 433 747 tutum
463 704 496 748 se
532 686 772 766 incolumemque

59 774 203 838 mohac:
216 792 310 836 nuces
322 773 478 854 iuglandes
491 774 577 859 duae,
591 776 666 837 dous
676 777 772 838 siccae

59 882 107 948 ae,
140 868 229 924 miae
260 862 331 924 tolia
357 876 420 945 xx,
452 861 522 925 sniis
550 879 712 944 granum1
740 867 772 927 in

59 971 113 1017 nm
132 951 361 1014 contunduntur
380 959 410 1012 et
428 951 609 1014 devorantur
626 971 643 1014 a
661 955 771 1016 ieiuno.

62 1040 242 1104 'Electrum
260 1048 307 1102 est
325 1057 432 1102 aurum
450 1043 481 1101 in
501 1059 560 1122 quo
580 1045 682 1122 quinta
701 1060 770 1123 pars
798 1052 886 1115 taso,

58 1131 135 1215 genti
158 1130 318 1190 invenitur.
356 1148 393 1191 ex
412 1146 472 1208 quo
495 1133 521 1191 si
540 1130 607 1211 quis
625 1149 695 1191 vaso
717 1150 769 1211 po·
799 1140 886 1204 tom.

58 1218 129 1299 ,nio
147 1224 264 1300 ntatru,
287 1217 410 1279 insidias
434 1222 541 1280 renem
563 1219 674 1281 vitahit.
711 1220 770 1282 dis·

58 1310 148 1373 irunt
176 1309 256 1368 enim
282 1308 314 1367 in
346 1324 382 1367 eo
410 1325 498 1368 arcus
526 1307 704 1369 caelestibus
732 1311 770 1369 si·

58 1378 110 1461 b'
141 1411 213 1458 cum
248 1397 335 1475 igneo
372 1395 514 1478 stridore,
550 1413 646 1476 eoque
682 1395 770 1457 modo

58 1480 130 1567 pilei
159 1485 275 1545 ratione
307 1483 542 1564 deprehenditur
574 1484 681 1545 scelus.
724 1491 770 1547 est
797 1494 885 1558 toto.

58 1580 166 1636 etrum
184 1572 287 1634 fictum
304 1575 336 1633 in
350 1590 424 1633 auro
443 1572 541 1634 addita
555 1575 670 1655 urgenti
684 1582 768 1654 parte

58 1664 136 1745 hita,
165 1660 218 1721 sed
244 1660 301 1722 hoc
329 1669 445 1722 tantum
466 1669 598 1742 praestat
625 1670 768 1742 quantum
876 1695 880 1704 ·

57 1750 89 1813 sd
112 1749 258 1811 naturaie.

81 1839 167 1920 hrgo
189 1841 418 1901 monstravimus
441 1856 500 1920 quo
526 1838 658 1901 antidoto
681 1856 768 1901 vene·
866 1860 869 1865 ’

57 1946 88 1991 m
111 1945 176 1989 non
199 1926 371 1990 admittatur
394 1935 424 1989 et
447 1946 506 2008 quo
523 1927 641 1988 vasculo
664 1945 768 2009 argua-

57 2035 73 2080 ,·.
111 2033 196 2078 nunc
219 2024 250 2078 et
272 2016 403 2078 remedia
426 2033 591 2097 suggeram.

80 2105 267 2168 Centaurion
295 2113 400 2187 potum
422 2107 521 2166 omnia
543 2105 619 2167 maia
641 2104 768 2167 medica·
796 2110 900 2178 stlat.

56 2202 115 2256 mta
135 2196 229 2273 exigit
246 2211 301 2274 per
321 2195 426 2255 aivum
459 2194 665 2256 aristolochiae
684 2195 768 2257 radix
796 2204 892 2267 inito

56 2283 151 2345 odere
188 2282 302 2344 denarii
333 2300 369 2344 ex
401 2282 518 2344 hemina
550 2286 611 2345 vini
646 2283 767 2346 bibitur.
795 2275 927 2346 (cfi101).

56 2374 139 2453 ognis
171 2373 295 2455 caninus
323 2372 460 2433 hauritur
492 2372 634 2434 adversus
661 2375 767 2435 toxica.
795 2381 882 2445 nepo.

56 2460 176 2543 quium
204 2461 344 2540 agninum
367 2463 398 2521 in
420 2462 556 2542 potione,
584 2460 767 2524 ventriculus
795 2470 901 2532 tator.

56 2548 149 2611 moise
183 2567 252 2610 cum
279 2549 355 2612 lacte
384 2551 484 2610 orium
512 2552 545 2610 in
571 2547 639 2609 ciho
671 2546 766 2609 datur.
795 2556 899 2620 talen.

87 2779 105 2829 2
129 2772 273 2829 meino
297 2774 353 2844 qa,
376 2771 551 2844 nycaeam
572 2789 595 2828 r.
621 2771 626 2844 ι
651 2771 763 2828 aeneo
785 2771 930 2829 muscata
953 2771 980 2828 a.
1015 2745 1021 2757 '

55 2843 102 2900 iile
124 2845 181 2971 gd:
203 2843 328 2915 ipserb.
353 2846 358 2914 Ι
381 2843 522 2900 meleficia
540 2844 566 2901 d.
592 2908 594 2913 ¹
628 2848 698 2899 ose
717 2860 768 2900 om.
786 2843 814 2901 d.
868 2844 1035 2915 apr-oena-

55 2917 123 2986 ην
150 2914 272 2986 :pierii
288 2915 316 2972 d.
372 2921 387 2970 ‘1
406 2915 437 2970 in
454 2932 542 2971 unum
558 2914 601 2985 po
618 2914 715 2985 (dmul
736 2916 805 2988 Pl.):
824 2916 855 2972 in
872 2915 970 2972 vinnm
987 2916 1035 2974 rh.

55 2992 86 3043 to
109 2986 254 3043 invenitor
276 2987 388 3058 argenti
410 2987 440 3041 d.
464 2989 469 3057 Ι
493 3002 562 3042 roso
578 3003 609 3059 φτ
637 3003 704 3043 vaso
726 2988 775 3043 dh.
802 2990 806 3057 Ι
830 2986 988 3058 portatorio
1006 2988 1034 3043 d.

55 3063 87 3112 m
106 3057 184 3113 enim
201 3072 252 3114 om.
271 3058 298 3112 d.
324 3060 329 3127 1
352 3056 453 3113 similis
469 3073 495 3128 p.
551 3060 808 3128 morimundi
833 3074 935 3130 eoquo:
954 3073 987 3114 eo
1006 3059 1034 3115 d.

54 3133 87 3184 14
104 3127 159 3184 Est
174 3128 247 3212 prbe
267 3144 317 3184 om.
336 3130 363 3186 d.
421 3133 453 3183 1⁶
472 3128 569 3184 dotum
586 3131 663 3200 pdh:
682 3146 733 3187 om.
747 3147 770 3186 r.
796 3131 801 3199 Ι
826 3129 936 3202 argenti
952 3132 1035 3202 porte

54 3199 116 3256 dita
134 3201 235 3271 qmnto
252 3201 283 3268 d,
301 3215 327 3255 a.
347 3216 372 3257 a.
392 3199 493 3270 quinta
509 3201 590 3272 porte
608 3202 654 3258 rh.
710 3207 743 3257 16
762 3201 813 3258 sed
830 3204 860 3258 ei
880 3202 935 3258 hoc
952 3202 980 3259 d.

59 3311 146 3383 iirgo
164 3312 237 3382 prbr
257 3311 369 3384 omno)
390 3313 417 3369 d.
439 3314 675 3382 {monstrabimus
692 3331 722 3386 9,
741 3314 992 3373 demonstravimus
1005 3316 1033 3372 d.

54 3387 87 3439 20
105 3384 136 3439 ot
153 3398 204 3440 om.
223 3384 250 3442 d.
270 3387 275 3454 Ι
295 3401 475 3456 suggeremus
492 3387 537 3443 rb.
579 3391 613 3443 22
632 3385 817 3443 Aristolooias
834 3403 886 3456 pr,
905 3384 991 3468 -iogis
1004 3384 1033 3441 d.

54 3454 277 3524 rependerem
305 3456 415 3526 pondua
432 3473 462 3528 p,
485 3458 579 3528 pondo
601 3458 633 3527 d,
660 3458 695 3526 cs.
717 3462 785 3526 hit.
840 3460 874 3510 25
894 3470 1029 3527 Quinum

53 3524 155 3596 i(Pl.):
175 3524 312 3599 anguium
329 3527 374 3584 rb.
