2392 3856
480 187 699 250 ...66-

219 363 322 427 23103
352 353 430 412 ticus
462 367 499 409 ex
535 347 600 408 oleo
633 346 773 408 subactus
810 348 933 407 miriimc
967 367 978 426 p

351 440 438 499 fimus
453 439 592 517 caprinus
607 435 749 497 decoctus
763 453 799 495 cx
814 444 897 496 aceto
912 443 943 496 et
957 455 978 496 st

352 545 420 589 cum
443 526 538 587 melle.

405 726 550 782 mm.
565 724 793 780 Pernionibus
807 728 841 780 et
853 725 978 794 vitiisp

177 859 272 922 32‚111
287 849 324 904 ib.
418 844 523 904 Pulmo
538 845 670 903 marinus
684 844 853 922 imponitur.
878 847 978 903 cancri

218 945 324 1009 22133.
352 934 427 993 cinis
447 951 483 992 cx
502 932 567 991 oleo
586 933 756 1010 imponitur.
781 930 894 991 utiliter
908 950 978 1011 aqua

219 1035 324 1098 butan.
352 1030 402 1082 tur
415 1023 446 1081 in
461 1039 519 1099 qua
534 1038 638 1080 ervum
653 1019 810 1080 decoctum
824 1029 878 1080 est.
907 1022 978 1082 ficus

352 1109 492 1171 decoctae
525 1127 593 1169 cum
626 1126 693 1169 cera
726 1107 836 1186 liquida
868 1109 978 1170 subacta

238 1211 323 1273 3099.
351 1197 461 1279 bustu,
488 1196 682 1277 pernionibus
709 1199 910 1275 imponuntur.
948 1197 978 1257 ul

252 1291 289 1345 ib.
353 1304 454 1347 serum
473 1285 622 1366 pecudum
640 1303 709 1346 cum
728 1285 864 1345 alumine.
902 1288 927 1345 si
946 1305 978 1365 pr

253 1379 289 1434 ib.
353 1375 466 1456 ulccra,
490 1370 601 1455 (cera)
626 1382 775 1434 sanantur.
812 1374 872 1433 fimi
892 1377 978 1435 mnrir

238 1475 324 1538 3030.
353 1482 389 1524 ex
412 1463 478 1524 olco
502 1472 601 1524 vetere
625 1465 795 1541 imponitur.
833 1462 978 1523 coclearur

353 1552 449 1612 nudae
481 1553 674 1611 inveniuntur
707 1551 838 1611 vivarum
876 1550 978 1611 combu

254 1642 290 1696 ib.
354 1642 453 1699 cinere
478 1641 576 1698 omnia
598 1637 698 1698 ulcera
720 1639 829 1717 pedum
853 1648 977 1700 sanantu

354 1727 582 1806 gallinaceorum
601 1735 652 1787 aut
671 1726 873 1787 columbarum
891 1730 967 1788 cinis

252 1819 290 1875 ib.
353 1814 624 1876 exulcerationibus
656 1815 799 1876 medetur.
846 1819 966 1877 attritus

353 1912 522 1965 mentorum
550 1904 686 1964 emendat
710 1906 817 1963 veteris
846 1904 942 1964 soleae
967 1924 978 1964 ι

253 1996 289 2050 ib.
353 1992 427 2053 oleo.
454 1995 580 2071 agninus
595 1993 695 2071 pulmo
710 1991 755 2052 vcl
772 1994 915 2053 arietinos
930 1995 978 2072 im]

252 2082 289 2137 ib.
354 2079 451 2140 dentis
488 2079 624 2140 caballini
657 2083 774 2140 contusi
810 2081 902 2141 farina
936 2081 978 2143 sul

253 2171 290 2226 ib.
354 2168 499 2228 emendat.
535 2167 662 2227 lacertae
686 2168 787 2228 viridis
816 2172 935 2248 sanguis
960 2190 978 2230 st

93 2462 98 2474 ι
157 2395 173 2445 2
193 2389 212 2446 f.
232 2389 361 2459 caprinus
379 2389 438 2444 cive
455 2389 576 2473 bubulus
590 2407 612 2444 r.
630 2391 634 2458 Ι
654 2391 698 2473 bic
716 2392 822 2446 demum
836 2393 978 2459 apponitm

86 2460 978 2616 ncatarrurrrrrurnrrcrperman

87 2602 149 2658 lecet
171 2604 260 2659 eodem
282 2619 372 2659 errore
395 2608 548 2672 peccaverat
570 2608 652 2658 etrum
674 2604 757 2658 codex
784 2619 837 2672 quo
855 2620 922 2659 uena
945 2616 978 2660 eet

87 2674 290 2743 compotationia
316 2691 332 2728 r
359 2676 399 2741 (ιι,
415 2681 448 2729 43
478 2674 521 2728 Ad
548 2674 598 2728 tal
627 2674 691 2742 dot,
719 2689 776 2729 non
804 2675 896 2728 Mure
920 2692 951 2743 p.

89 2750 104 2799 a
128 2760 225 2800 ervum
247 2743 402 2801 discoctum
424 2749 513 2799 Marc.
537 2762 567 2813 p
592 2750 643 2799 232
667 2744 750 2812 (Pu.)
779 2761 875 2800 eorum
898 2746 978 2801 decor

87 2833 122 2881 11,
145 2820 180 2868 40
209 2814 265 2881 (aed
283 2814 383 2870 ibidem
401 2815 456 2869 aiio
479 2815 536 2869 loco
555 2831 651 2870 ervum
669 2825 705 2881 11,
725 2818 784 2884 51),
812 2833 908 2872 eorum
927 2817 978 2872 alic

88 2885 200 2939 coctum
226 2883 287 2951 (1.1
316 2885 360 2939 iu'c
388 2889 451 2938 ante
477 2884 560 2940 Ficus
587 2884 664 2940 aride
695 2885 793 2940 titulus
822 2889 939 2970 ponitur
966 2890 978 2941 i

87 2972 163 3011 xxrn
177 2952 362 3010 Pemionibua
375 2959 422 3009 etr
467 2956 513 3025 (b),
532 2956 577 3010 Ad
595 2955 742 3025 perniones
760 2957 806 3012 vel
824 2957 900 3012 vicia
916 2959 978 3027 pedi

88 3024 285 3093 Machaerae
311 3027 315 3092 Ι
340 2971 513 3079 ambesis
493 3026 545 3094 pb:
564 3041 614 3080 om.
634 3026 660 3081 d.
715 3027 897 3083 8Ulceribus
916 3031 978 3097 qd<

87 3094 218 3150 nionibue
238 3094 283 3149 Pi.
324 3099 516 3164 accerump.
542 3095 590 3166 lp
592 3097 720 3153 uruPl.·
739 3099 822 3168 plura
839 3100 940 3168 put)

88 3180 138 3219 orn.
156 3165 261 3234 pd()
212 3166 261 3234 ()rl
292 3169 325 3220 ut
342 3167 424 3222 etiam
444 3165 537 3220 Plinii
555 3168 631 3222 codd.
650 3168 755 3239 aliquot
779 3171 814 3238 (o
834 3171 937 3239 Sciiiy)

87 3251 152 3291 nere
170 3251 195 3305 9.
219 3207 342 3306 {ulcera
361 3237 407 3292 ΡΖ.
430 3237 535 3305 (More
553 3255 584 3306 9
604 3240 679 3308 naal:
708 3240 824 3296 vulnera
846 3242 946 3310 939.)
973 3243 977 3309 t

87 3305 192 3376 pedum
209 3306 371 3363 vulnerari
428 3315 462 3363 14
479 3308 648 3379 gallinarum
668 3310 713 3364 Pi.
728 3311 852 3380 (Marc).
878 3313 883 3380 Ι
909 3313 978 3367 colui

87 3378 137 3446 (aio
164 3395 191 3449 9.
265 3383 297 3433 15
316 3378 489 3449 Adtritosp.
563 3387 596 3435 16
616 3379 690 3436 solee
709 3383 729 3436 d
751 3382 898 3451 (Merop
901 3389 978 3439 ,236

139 3450 261 3520 ..ευιιῑ9)
280 3448 334 3504 coli
352 3452 446 3520 (einp
465 3452 555 3534 (Ptin
569 3451 722 3520 cadaver,
742 3453 864 3522 c..‚Deti
878 3454 969 3522 aedes.

124 3525 156 3575 18
175 3520 280 3576 Dentes
298 3521 346 3590 pri
372 3523 375 3589 Ι
401 3469 529 3576 subloine
548 3523 567 3577 d
584 3494 745 3590 (subliviem
763 3528 797 3592 r).
