2392 3856
537 197 577 206 ..
629 162 668 225 14

273 338 378 401 34‚121.
407 328 610 406 imponuntur.
647 329 721 406 misy
742 330 844 394 tritum
865 346 932 388 curn
949 331 1014 388 rino
1033 331 1064 389 in
1090 329 1157 391 lana

217 468 218 473 ,
274 427 378 489 tonat.
408 418 629 495 superponitur.
680 416 772 476 malva
813 426 959 477 macerata
999 419 1031 478 in
1069 420 1159 479 urina

408 503 535 565 helmana
558 513 588 564 et
611 507 681 566 trita
704 507 842 585 imposita
864 505 946 565 valde
970 506 1110 567 desiccat.

137 591 272 662 *tMara
284 599 379 664 pau.)
475 592 580 653 Omnia
607 599 705 654 autem
730 596 835 674 capitis
863 593 963 654 ulcera
987 612 1054 654 curn
1084 615 1158 675 pur-

334 681 336 684 ’
407 688 472 759 gata
496 690 566 753 sunt
588 681 801 743 iucundissime
830 683 866 742 ad
894 685 1061 743 cicatricem
1087 699 1185 763 per-s

407 769 557 830 ducuntur
572 769 628 829 hoe
643 778 753 830 ceroto.
782 789 903 849 spumae
918 773 1032 848 argenti
1047 779 1158 834 tunsae

406 865 436 916 et
460 857 604 918 cribratae
624 856 744 938 selibra,
773 877 911 919 cerussae
934 859 1008 918 libra
1032 878 1090 920 ιιιιιι
1111 870 1156 922 tc-

406 955 527 1024 runtnr,
555 952 585 1005 et
610 964 697 1006 cerae
721 946 803 1007 albae
827 966 843 1007 e
867 946 941 1007 libra
964 947 1021 1007 elei
1044 951 1156 1010 rosacii

406 1035 599 1094 remittuntur
614 1041 644 1094 et
662 1035 889 1116 refrigerantur,
911 1036 1016 1101 ‹lcirnle
1036 1037 1155 1097 rarlitur

404 1129 435 1180 ct
461 1123 604 1183 miscetur
632 1141 701 1183 curn
728 1142 831 1202 spuma
860 1133 890 1184 et
922 1142 1055 1204 cerussa,
1088 1125 1149 1183 adi·
1168 1140 1187 1182 rt

405 1211 525 1270 ciuntur
535 1229 658 1271 ovorum
670 1221 810 1291 quattuor
820 1211 899 1272 lutea
909 1212 1008 1272 cinna.
1026 1211 1148 1292 prodest

404 1305 434 1358 ct
457 1300 572 1359 resinae
601 1302 731 1379 pituinae
761 1298 834 1359 libra
858 1302 947 1362 mixta
971 1318 1039 1359 cnm
1060 1316 1148 1357 corae

403 1385 485 1447 albae
510 1387 617 1447 selibra
641 1390 724 1448 etin
748 1388 812 1448 oleo
837 1389 971 1469 decocta,
999 1391 1037 1447 ita
1061 1389 1151 1447 utin

403 1477 487 1553 accpi
511 1476 598 1535 morlo
618 1483 823 1554 perunguatur
841 1475 950 1554 pistillo
972 1478 1105 1534 ruixtnrn.

473 1673 530 1728 1v.
555 1671 734 1741 alopeciis.

162 1791 265 1859 (tlara.
276 1793 376 1860 pao.)
471 1789 624 1869 itlopeciae
652 1808 786 1869 magnam
819 1790 988 1850 foeditatem
1020 1793 1187 1853 atleruntu

403 1886 433 1938 et
447 1886 571 1957 propter
585 1878 641 1939 ltoc
656 1897 809 1939 servorum
823 1881 918 1958 pretia
933 1877 1150 1941 eliminiruntur'.

402 1968 501 2047 itaque
526 1969 727 2028 necessarium
750 1975 796 2027 ost
823 1985 873 2026 eas
901 1986 1018 2045 quoque
1048 1987 1149 2028 ernen-

268 2066 372 2128 ttwtoo
401 2055 479 2115 (lare.
526 2074 601 2133 quiae
629 2056 784 2116 celerrime
813 2055 961 2134 compleo
962 2074 998 2115 ur
1026 2055 1149 2133 pellium

207 2222 397 2294 lmisumd,
416 2226 661 2293 insumptum
673 2228 714 2307 ⁸.r)
783 2223 1052 2280 emacerataatr:
1047 2240 1149 2278 ·araa·

133 2293 245 2348 ticarlt
265 2294 324 2364 (M)
391 2243 566 2350 alesiecat
583 2296 633 2365 pb:
658 2294 788 2352 siccati.
861 2293 1004 2350 lOmnia.
1023 2294 1051 2351 k.
1070 2295 1148 2365 capi·

133 2362 220 2418 tisri.
257 2365 307 2419 ubi
335 2365 441 2420 maiak
464 2370 503 2421 est
523 2382 577 2434 pre
604 2367 817 2435 copiosaeonico
839 2367 912 2420 cecis
935 2367 1081 2420 autam-
1107 2367 1148 2419 cie

135 2435 226 2493 Mare
246 2451 385 2505 99199-
408 2437 668 2506 compendiacum
685 2453 742 2491 taen
755 2437 888 2492 intellexit
905 2437 1023 2504 scriptor
1036 2436 1145 2498 codicis,

122 2507 223 2562 ¹omitit
239 2505 360 2562 Yoriaus
378 2507 416 2576 (b)
434 2523 534 2564 mma.
567 2508 602 2575 cf.
618 2508 709 2576 praef.
728 2509 766 2563 eci
785 2507 942 2562 Vitruvium
959 2523 1047 2561 mcum
1066 2522 1096 2574 p
1117 2516 1148 2556 rr

132 2583 187 2633 eet.
234 2576 426 2633 tcicatricem
439 2579 494 2648 pei:
517 2578 639 2646 -cesrbt
630 2579 689 2649 (M)
709 2577 714 2650 Ι
734 2577 1147 2659 perducuniurhoeceroioplt.

132 2648 218 2702 ducit.
250 2647 311 2702 Hoc
329 2649 489 2715 eeroiod(
510 2649 618 2704 arducit
635 2649 689 2704 hoc
708 2651 878 2716 cerotumr,
896 2647 1087 2730 perducuntur
1106 2648 1146 2701 sie

134 2717 237 2786 Mare.)
311 2651 515 2773 tsalibralll.
540 2719 646 2787 libra(
636 2719 706 2787 (aina
722 2735 797 2773 ema.
816 2719 869 2786 pai,
888 2717 961 2773 libra
978 2733 1035 2772 una
1052 2717 1109 2784 eb).

132 2794 148 2843 8
167 2804 228 2843 cere
227 2719 264 2856 )(-
254 2803 296 2860 re
309 2790 336 2856 9)
355 2788 419 2843 albe
437 2788 535 2842 libra(
523 2791 565 2857 pai
579 2789 689 2870 (aecta
697 2790 731 2855 e).
754 2789 820 2842 icae
832 2789 872 2843 sic
884 2789 964 2843 habet
976 2806 992 2842 r
1006 2788 1089 2857 (enada
1104 2789 1145 2871 b).

131 2860 161 2913 at
178 2875 202 2912 o.
216 2874 242 2913 a.
260 2858 427 2913 mutandam
440 2875 475 2913 ax
489 2858 545 2913 olai
562 2857 650 2913 rosaii
667 2858 741 2913 libra
758 2875 814 2913 una
830 2858 936 2914 remitt
915 2863 952 2914 iss
971 2860 1000 2914 et
1022 2858 1128 2913 dimitt'
1108 2861 1146 2913 tas

130 2927 320 2999 refrigerare(
310 2930 357 2996 (al.
369 2929 424 2999 Μ).
448 2928 561 2984 roseiai.
601 2936 667 2982 11-
672 2935 704 2982 14
718 2929 868 2998 prodast-
875 2929 994 2984 mixtum
1008 2929 1050 2998 pei
1063 2930 1144 2984 etim
1185 2960 1187 2975 ι

131 3001 198 3068 (nisi
215 3000 288 3082 quod
304 2999 350 3053 laic
368 3015 431 3053 cum
450 3015 530 3055 carae
549 2995 614 3055 alb'o
632 2998 718 3068 libra,
746 3000 842 3056 deiude
865 3000 948 3070 ocopi
971 3000 1034 3069 iepit
1055 2999 1145 3066 Tacit
1185 3060 1187 3065 ¹

131 3071 201 3125 Item
223 3069 331 3125 resinae
354 3068 494 3153 piciumae
519 3068 608 3125 librae
631 3087 685 3126 sex.
719 3087 799 3154 cerae
821 3070 903 3126 albae
921 3070 1020 3124 unciae
1043 3086 1091 3124 sex
1114 3071 1144 3126 iu
1185 3076 1187 3133 ξ

131 3140 193 3196 oleo
218 3140 411 3210 decoquuntur
438 3139 480 3195 ita
507 3142 539 3195 ut
565 3140 671 3210 pistillo
699 3140 871 3196 misceantur
897 3143 927 3196 et
951 3140 1033 3223 ocopi
1060 3142 1145 3198 medo

130 3211 292 3294 pungantur
314 3211 431 3278 atteroda
449 3211 483 3280 b).
523 3217 555 3266 12
574 3229 635 3267 esre
655 3212 718 3268 albe
737 3212 840 3267 selibra
904 3229 926 3268 c
942 3228 967 3266 a.
987 3211 1011 3266 si
1029 3210 1142 3267 librati.

179 3281 220 3336 tit.
249 3279 290 3336 Do
316 3280 445 3364 alopieiis
469 3298 499 3351 9,
527 3282 568 3337 De
596 3283 735 3353 allopiciis
761 3228 889 3338 carcalla
915 3283 942 3337 d.
1026 3287 1057 3336 16
1077 3282 1144 3336 Alo·

148 3350 248 3422 ἰοὶο9,
266 3351 449 3422 Allopiciad.
506 3358 537 3409 16
557 3353 610 3408 hoc
627 3354 679 3423 pei
698 3353 771 3408 hanc
788 3352 832 3410 rb
881 3358 911 3407 17
930 3353 1028 3422 itaqua
1045 3368 1097 3409 om
1108 3353 1143 3406 rb

129 3370 449 3563 lneoelpmffimqgeplsl'
557 3430 609 3564 4ἑῖ
638 3423 813 3493 complentur
844 3424 889 3493 pd
933 3421 1039 3491 (explet
1072 3424 1100 3475 1
1100 3424 1142 3492 i).

130 3510 209 3549 emen
229 3510 265 3549 an
298 3511 344 3549 rr
436 3509 491 3550 arc.
506 3512 537 3563 9
