2392 3856
419 220 704 294 ,w—

354 409 409 454 suo
427 392 577 472 putamine
593 389 815 452 combustarum
835 389 910 448 cinis
928 386 1029 448 addito
1049 406 1094 468 pu·

239 494 326 556 tout.
355 479 419 542 sillo
439 483 556 541 resinae
574 497 612 540 ex
629 481 698 539 vino
721 476 842 538 bibitur.
880 483 1022 537 senectus
1041 493 1094 537 ser«

353 570 490 649 pontium
521 567 644 629 decocta
671 584 740 628 cum
767 566 882 626 rosaoio
914 566 945 625 in
977 572 1094 644 stagneo

221 670 326 734 acuat.
354 675 424 718 vaso
446 658 544 717 ventri
566 655 710 717 inlinitur.
746 654 941 733 dysentericis
964 654 1094 732 potiones

221 757 325 822 renna.
355 746 436 806 lcrro
451 745 590 806 candenti
603 743 732 805 calefieri
746 740 863 804 debent.
887 759 992 802 caseus
1007 741 1094 822 sacci·

220 847 325 910 tenor.
354 850 411 894 nus
434 851 542 894 recens
566 833 735 894 inmittitur.
757 830 814 891 ‚ad
840 847 944 890 omnes
972 829 1094 908 epiforas

345 923 466 982 'ventris
489 938 609 982 caseum
631 919 750 980 mollem
772 920 885 998 imponi
906 916 1026 998 iubent,
1053 934 1094 978 re·

353 1017 449 1070 terem
463 1016 562 1084 autem
579 1009 686 1070 tritum
703 1009 734 1067 in
749 1007 870 1067 modum
888 1006 999 1066 larinae
1019 1022 1094 1066 meu⁴

353 1115 424 1158 sura
442 1096 540 1176 cyathi
557 1096 625 1157 addi
644 1099 676 1156 in
695 1095 815 1175 cyathos
833 1102 895 1155 tres
916 1095 978 1154 vini
996 1084 1094 1154 cibarii

220 1198 325 1263 28306.
354 1192 385 1246 et
405 1186 445 1246 ita
469 1185 613 1246 devorari.
654 1184 699 1244 lac
723 1185 878 1263 caprinum
906 1181 942 1242 ad
965 1180 1094 1243 dimidies

144 1327 150 1335 .
220 1286 326 1350 atnoe.
352 1280 453 1352 partes
467 1273 632 1335 decoctum.
654 1272 822 1333 infunditur
836 1270 939 1349 gluten
948 1270 1094 1330 taurinum

253 1367 290 1422 o.
354 1378 429 1440 aqua
448 1361 541 1422 calida
559 1359 733 1422 resolutum.
770 1360 933 1438 imponitur
956 1356 1094 1418 inflatiori

354 1452 466 1511 ventris
497 1449 640 1511 vitulinus
666 1449 754 1509 limus
786 1450 817 1507 in
849 1448 917 1507 vino
949 1444 1094 1506 deonotus

88 1530 195 1600 (Mare.
211 1550 241 1604 p.
256 1537 327 1606 194.)
354 1537 529 1616 frequenter
556 1538 655 1598 evenit
681 1555 718 1597 ex
745 1553 833 1596 causa
859 1534 956 1613 abque
988 1530 1094 1613 latente

222 1631 326 1695 tanta
354 1632 397 1707 nt¹
410 1627 508 1686 ventri
534 1625 619 1686 dolor
646 1623 762 1684 subitus
788 1625 908 1684 existat:
940 1623 993 1700 qui
1016 1638 1094 1682 num

354 1730 443 1791 quam
452 1719 578 1792 temptat
590 1711 750 1774 habentem
759 1729 861 1773 secum
875 1709 968 1771 talum
980 1708 1094 1788 leporis

418 1876 496 1936 ΧΠ.
521 1875 636 1934 viniis.

419 1993 522 2056 'liniae
536 2011 656 2074 quoqne
670 1996 776 2055 vitium
790 1992 902 2053 ventris
917 1997 995 2055 sunt.
1025 2006 1094 2069 quae

220 2089 325 2153 28211,
352 2080 504 2160 pelluntur
525 2089 597 2162 poto
620 2084 731 2142 cervini
755 2097 865 2141 cornus
888 2077 1038 2140 combusti
1060 2078 1094 2138 ci·

237 2178 324 2242 tone.
353 2186 434 2229 nere.
461 2169 584 2249 raphani
603 2169 812 2248 decoquuntur
832 2186 867 2228 ex
887 2184 962 2246 aqua
981 2165 1018 2226 ad
1041 2173 1094 2226 ter·

238 2264 324 2329 203⁸.
352 2258 408 2317 tias
427 2264 458 2318 et
480 2274 606 2336 eaaqna
624 2260 692 2317 vino
711 2259 861 2318 miscetur.
898 2254 982 2315 radix
999 2252 1094 2314 inulae

139 2408 146 2423 ⁵
196 2428 210 2477 1
239 2423 335 2480 addito
366 2425 469 2495 pusillo
501 2426 593 2565 resin?
623 2425 789 2496 qloddito
816 2423 924 2480 resinae
957 2423 1094 2478 momento

87 2489 160 2561 Pl.):
183 2493 281 2551 addite
301 2495 395 2551 resina
416 2496 557 2567 pusillod

123 2565 293 2621 dimittitur
309 2567 348 2622 ud
370 2584 523 2624 omnes...
540 2569 599 2623 sine
612 2573 717 2636 puawto
739 2566 766 2622 d.
839 2563 981 2634 ”limponi
1002 2562 1094 2619 iubent

84 2632 132 2702 (cf.
153 2636 199 2691 Pl,
222 2636 305 2691 inlini
327 2638 468 2709 suadent):
496 2638 526 2692 in
548 2638 610 2693 cibo
633 2638 701 2708 poni
724 2636 829 2692 debent
850 2637 870 2690 d
891 2635 1000 2703 (iubent
1022 2632 1094 2704 ortt

86 2701 228 2788 Veterem:
245 2707 273 2762 k.
293 2709 440 2776 (=autem
456 2724 495 2778 qr
512 2724 574 2764 cum
593 2709 649 2777 Pl.)
667 2707 798 2762 tritumd
816 2707 863 2774 (ef.
876 2721 964 2774 stupra
982 2705 1021 2759 ad
1034 2725 1054 2772 1,
1064 2706 1091 2771 8)

122 2777 139 2827 ⁹
163 2775 231 2830 adds
252 2793 303 2846 qr:
331 2778 421 2832 additi
443 2779 470 2834 d.
542 2786 577 2834 10
604 2777 733 2834 devorari
750 2793 800 2847 qr:
828 2777 997 2831 devorantur
1020 2776 1048 2831 d.

87 2847 121 2897 11
140 2843 288 2924 decoctum
305 2846 460 2902 infunditur
476 2850 519 2917 qd
536 2849 574 2917 (d.
592 2847 643 2904 iul.
662 2849 789 2916 Itemque
807 2847 905 2916 gluten
922 2848 944 2900 t.
957 2863 986 2915 r,
1004 2848 1053 2902 aed
1065 2843 1094 2912 cl

87 2911 154 2985 rt).
183 2915 1094 2998 irresolutumimponitur.(simpunctoy)1nfletioni9d(reeolu

85 2985 278 3069 tumaddrtur.
292 2987 751 3059 Imponituritemiutlatioui...r).
771 2987 924 3044 13veutrie.
934 2985 1094 3055 Vitnlinual

86 3055 204 3138 (uentris
226 3057 362 3139 uituliuus
384 3059 423 3128 d).
495 3064 530 3115 14
551 3059 754 3130 frequenter—
769 3058 872 3115 existat
893 3073 944 3113 orn.
968 3058 1015 3114 Pl.
1044 3058 1094 3128 (nau

86 3140 128 3180 aec
144 3129 256 3208 ‚ventris
280 3128 393 3198 quidem
411 3129 507 3187 dolore
529 3130 663 3201 temptari
685 3131 875 3200 negentne).
900 3130 905 3197 l
933 3127 1029 3185 evenit
1050 3143 1089 3200 92·

87 3197 167 3252 vemt
192 3199 219 3254 d.
250 3200 255 3268 Ι
289 3216 373 3256 causa
400 3200 497 3270 aliqua
514 3217 544 3272 με
572 3201 669 3272 aliqua
693 3217 777 3257 causa
803 3201 823 3254 d
850 3198 990 3268 (quelibet
1015 3213 1094 3255 causa

88 3264 182 3353 Marc.
196 3285 228 3339 p.
248 3273 319 3340 194).
371 3278 404 3329 16
422 3274 455 3326 ut
472 3271 746 3328 aiuntmnlierculae
765 3272 828 3326 odd.
847 3288 871 3326 r.
916 3271 960 3325 ot.
975 3269 1094 3341 Tiniisn

86 3337 134 3392 Ad
150 3341 242 3423 meas
260 3343 286 3398 d.
311 3343 368 3398 boc
390 3347 476 3399 toturn
493 3344 646 3413 capitulum
668 3359 718 3398 oen.
741 3358 757 3397 r
780 3342 825 3411 (11,
844 3344 902 3410 21),
922 3342 1003 3396 addit
1021 3341 1046 3398 b.

88 3412 121 3463 17
142 3410 224 3468 Trnie
241 3429 273 3484 9,
292 3412 379 3487 Tinee
397 3413 480 3496 dics.
499 3430 524 3469 o.
543 3415 561 3469 l.
581 3414 678 3483 Pion).
702 3417 707 3482 1
734 3430 761 3481 q.
780 3411 885 3468 ventris
903 3410 1010 3468 vicium
1027 3413 1056 3468 d.

585 2496 689 2567 pusilla
705 2500 740 2566 r).
813 2502 830 2550 4
848 2511 916 2550 veso
934 2511 964 2565 9:
988 2509 1054 2548 vese
1071 2492 1094 2546 d.

56 3535 57 3540 ,
87 3482 328 3628 18ἓεοθἪθάῗὶβΙ
344 3483 459 3625 &effi
475 3484 606 3556 yt(Pl.):
626 3501 690 3540 cum
707 3482 774 3541 vino
791 3484 817 3540 d.
870 3488 902 3537 19
916 3482 1093 3554 Raphanad
