2392 3856
520 220 740 280 ..11-

119 386 302 462 decoquitur
315 401 352 443 ex
366 380 445 460 oleo,
464 390 495 440 et
513 399 585 440 suco
604 383 670 441 eins
693 380 777 441 dolor
795 400 869 459 ung·

119 477 211 534 nitur.
241 470 405 549 serpyllum
418 469 576 530 decoctum
589 472 621 529 iu
635 478 720 530 aceto
734 470 870 530 inlinitur
897 480 1002 541 tosto.
1047 494 1050 498 ·

119 564 211 622 tronti
230 570 261 620 et
284 557 480 638 temporibus
508 566 539 618 et
557 559 582 617 si
600 557 729 618 difficilis
747 576 870 618 somnus
898 567 985 628 tutto.

119 655 171 731 sit,
189 646 375 728 amygdalino
390 646 456 706 oleo
475 656 563 725 caput
581 649 729 725 perungui
743 655 869 726 oportet.

93 754 105 790 ι’»
120 750 254 816 tempora
269 738 300 796 iu
315 735 419 795 dolore
433 735 490 794 alio
511 734 587 794 elixo
606 734 781 795 inlinuntur.
814 753 869 794 nu·
898 744 984 805 topi.
1006 744 1113 803 uslai.

120 828 254 886 cleornrn
276 825 388 904 persici
412 824 505 882 sarim
531 841 598 883 cum
621 822 708 883 mello
732 832 762 882 ct
784 833 869 883 aceto

123 917 215 992 rapiti
227 914 368 973 inlinitur.
397 911 496 972 nuclei
510 911 685 990 amygdalini
701 913 764 972 triti
778 912 869 971 tronti
897 921 1001 982 23944.

127 999 467 1080 utiliter‘imponuutur‚
488 1003 578 1061 etiam
600 1002 631 1059 io
651 999 742 1059 lebre.
779 999 868 1059 bacae
898 1009 1002 1067 talto.

125 1091 198 1150 lanri
221 1092 328 1168 impari
355 1106 482 1148 numero
509 1091 540 1148 in
563 1087 629 1147 oleo
652 1090 799 1147 contritae
822 1106 868 1147 ca·

84 1180 175 1256 10piti
198 1178 390 1237 instillantur.
427 1179 452 1236 si
475 1196 492 1237 a
515 1176 577 1236 sole
600 1175 711 1256 doleat,
734 1177 869 1254 cupressi
897 1185 983 1246 utto.

120 1266 189 1326 tolia
209 1268 339 1325 coutrita
356 1283 424 1324 eum
440 1264 561 1344 polenta
584 1267 786 1343 imponuntur.
819 1264 868 1323 lie·
897 1272 983 1334 2495.

122 1354 213 1411 derae
242 1353 315 1410 lolia
340 1352 508 1414 mollissima
536 1370 670 1431 quaeque
703 1355 772 1411 trita
800 1370 868 1411 enm

121 1449 211 1500 aceto
235 1448 266 1498 et
289 1442 401 1500 rosario
418 1441 573 1502 adversum
594 1459 712 1500 omnem
736 1439 869 1499 dolorem

120 1530 215 1588 tronti
252 1527 425 1588 inlinuntur.
475 1528 569 1589 barba
600 1547 676 1607 quae
709 1531 739 1588 in
773 1530 868 1606 capite
897 1535 1002 1596 ultio.

81 1631 105 1667 152
120 1625 237 1676 statuae
268 1619 400 1677 nascitur
422 1617 544 1677 colecta
573 1620 603 1677 in
626 1618 752 1677 alienius
779 1619 869 1675 restis

120 1722 219 1783 'ranno
243 1712 274 1763 ct
297 1704 357 1764 lino
380 1706 447 1765 rulo
468 1705 586 1784 inligata
606 1706 763 1764 confestim
788 1704 868 1764 dolo·

119 1811 184 1852 rem
207 1792 300 1852 sedat.
327 1796 448 1872 panacis
466 1794 549 1854 radix
568 1796 599 1853 in
618 1794 683 1852 oleo
702 1795 869 1853 conteritur
897 1799 1002 1862 toust.

119 1892 150 1940 et
173 1888 261 1959 caput
283 1883 492 1959 perunguitur.
529 1890 680 1942 veratrum
704 1883 734 1940 in
754 1883 869 1941 rosacio
897 1888 1002 1950 uulua.

120 1969 277 2029 decoctum
309 1977 339 2029 et
376 1972 538 2030 contritum
575 1972 664 2048 capiti
701 1969 869 2028 instillatur.

79 2070 105 2107 u·
118 2056 292 2135 peucedano
307 2075 343 2116 ex
357 2056 423 2117 oleo
438 2066 469 2118 et
483 2066 567 2117 aceto
586 2060 656 2117 trito
671 2057 868 2115 lromieraniae
933 2055 969 2109 ib.

119 2154 283 2222 unguntur.
320 2162 387 2204 ossa
405 2146 442 2205 de
462 2148 557 2224 capite
572 2145 699 2206 vulturis
718 2143 774 2205 snb
794 2144 869 2205 collo
898 2154 1002 2214 uultu.

119 2233 233 2311 alligari
251 2233 382 2312 prodest.
418 2234 598 2312 gallinaceus
618 2234 717 2313 pullus
735 2233 869 2293 inclusus
898 2241 1001 2302 tutta.

118 2321 289 2381 abstinetur
302 2330 390 2382 nocte
405 2341 439 2382 ac
453 2322 514 2402 die,
529 2322 581 2382 sed
595 2331 626 2382 et
639 2324 727 2401 isqui
741 2322 869 2401 larignet,

119 2408 228 2469 deiude
251 2411 316 2468 eius
334 2409 488 2487 gallinacei
506 2410 552 2470 vel
575 2410 692 2489 plumae
711 2409 757 2469 vel
780 2413 870 2470 crista

80 2497 257 2576 mitigatur
286 2497 362 2556 collo
389 2498 527 2558 dolentis.
568 2498 707 2559 surculus
736 2518 772 2557 er
801 2498 871 2556 nido
934 2497 970 2550 ib.

122 2583 201 2644 milri
219 2583 341 2664 pulvino
356 2585 495 2646 subditur
509 2589 660 2646 nesciente
681 2605 778 2664 aegro.
807 2603 869 2644 mtr—
934 2583 970 2636 it.

190 2779 206 2825 2
225 2772 379 2841 serpullum
395 2790 414 2843 9
432 2775 556 2844 (pillum
574 2776 612 2844 d).
668 2781 685 2828 4
703 2773 823 2844 perungi
836 2775 868 2842 d,
887 2769 1056 2842 perungueri
1074 2785 1108 2838 9.’

117 2851 133 2896 5
154 2841 211 2896 alio
225 2859 255 2911 p:
279 2842 382 2898 ulliod
405 2846 440 2913 (et
456 2847 496 2900 sie
509 2847 629 2914 smper).
656 2848 660 2913 Ι
685 2844 841 2899 inlinuntur
853 2862 872 2914 9
886 2841 1063 2912 (inliniuntur
1075 2841 1139 2908 rb)=

117 2911 246 2968 illiniunt
263 2913 290 2968 d.
315 2915 320 2982 Ι
345 2915 528 2972 nuculaornm
545 2933 571 2985 9.
622 2923 638 2970 6
657 2915 743 2971 mello
761 2917 812 2983 (sie
829 2921 854 2970 et
874 2915 991 2981 Marc.):
1011 2912 1073 2967 oleo
1093 2911 1138 2965 Pl.

156 2983 305 3038 tuuoulei
326 3001 352 3053 9.
408 2992 443 3039 14
460 2986 619 3042 illiniuntur
644 2988 713 3041 drb.
770 2992 802 3041 18
821 2988 963 3041 veratrum
986 2985 1040 3051 pdz
1063 2997 1139 3036 rere·

118 3058 209 3108 trum
231 3055 277 3108 rb.
301 3057 337 3121 ef.
363 3055 459 3111 Terin.
487 3059 520 3111 in
545 3075 631 3128 marp.
729 3062 761 3111 19
789 3073 813 3111 o.
840 3056 995 3112 distillatur
1021 3070 1047 3123 9.

112 3126 154 3179 '20
179 3124 344 3194 peucedano
369 3127 452 3196 (Pl.):
480 3128 632 3183 Ruoedano
654 3129 716 3197 pdb
741 3128 941 3198 (piganum...
963 3124 1140 3196 emigranea

118 3195 216 3265 illigas
235 3196 292 3249 alio
311 3197 409 3253 locor.
428 3200 502 3252 unde
519 3201 580 3267 bu).
605 3203 610 3268 t
635 3199 790 3268 emigrante
807 3201 952 3269 unguntur
977 3194 1140 3266 (unguntd)

118 3269 176 3334 pet,
190 3265 382 3323 hemicraniae
394 3267 568 3339 inungantur
582 3271 606 3326 b.
644 3277 677 3323 23
693 3269 851 3324 abstinetur
863 3286 882 3338 9
896 3270 1010 3338 (Marc,
1024 3269 1059 3334 cf.
1071 3265 1139 3331 Pl.):

115 3336 269 3396 abstineat
286 3338 317 3405 d,
336 3339 462 3394 abstinet
477 3341 524 3395 rb.
550 3344 553 3408 1
579 3358 624 3395 ac:
643 3343 673 3395 ot
689 3357 714 3409 9.
780 3347 815 3395 24
832 3341 918 3394 orista
936 3339 1070 3406 alligetur
1087 3335 1140 3401 qd:

115 3408 220 3461 cristae
253 3407 406 3478 alligantur
423 3411 549 3480 ruffi),
569 3412 667 3481 pluma„
684 3411 730 3466 vel
747 3410 833 3465 cristo
850 3411 984 3479 alligatur
1003 3407 1096 3461 Mare.

114 3485 149 3530 25
169 3478 254 3532 dolen
270 3479 307 3533 tis
328 3482 387 3550 prb
409 3487 435 3536 et
458 3482 564 3537 Marc:
593 3482 728 3552 patientis
749 3483 776 3536 d.
862 3473 1137 3548 innocentiani

114 3548 290 3602 murinarum
309 3551 388 3618 (Pl.):
407 3569 587 3607 murenarum
605 3553 688 3621 pdrb
699 3552 816 3621 (Marc.)
