2392 3856
444 164 686 231 -199-

57 332 145 411 lenit,
164 331 191 390 si
208 331 240 389 in
253 331 322 389 rino
336 337 436 390 vetere
456 329 544 389 detur
565 331 596 389 in
614 328 778 390 sorbitione
793 330 967 391 resolutum.

58 418 148 480 simili
162 418 250 479 modo
258 417 366 478 datum
385 417 536 478 fastidium
550 417 694 479 stomachi
707 419 871 480 nausiantis
885 435 966 478 avor-

57 511 94 569 tit
112 514 143 568 ct
163 525 179 567 e
198 507 274 567 iccio
292 505 465 567 foeditatem
486 504 608 586 palloris
626 505 764 568 excludit
796 524 866 567 cum
883 523 967 567 mero

56 596 199 657 haustuum
226 594 356 656 calculos
383 596 472 655 etiam
499 593 609 672 quihus
635 596 751 656 vesicae
778 594 888 656 canaiis
916 593 966 655 ob·

33 686 189 747 astruitur
210 686 242 744 in
265 682 393 743 harenae
416 682 568 762 pulverem
592 683 687 744 solvit.

10 834 15 881 '·
124 848 218 905 Lm
248 850 299 905 De
321 847 514 918 amygdalo

125 965 318 1046 Amygdalum
332 984 452 1047 recens,
470 972 505 1027 ut
519 965 620 1026 multis
634 966 764 1048 videtur,
780 964 965 1028 stomachum
1001 959 1045 1012 Pl

58 1061 173 1117 onerat
210 1052 399 1116 Dioscorides
427 1014 516 1116 eliam
543 1054 685 1134 prodesse
712 1055 865 1117 stomacho
888 1054 1020 1116 arbi·
977 1034 1066 1096 ²³⁷⁶·

57 1150 171 1224 tratur,
193 1144 220 1204 si
242 1160 312 1205 cum
333 1142 465 1204 folliculo
488 1161 543 1204 suo
566 1142 691 1205 nucleus
714 1140 883 1205 devoretur
919 1162 965 1205 ca·
979 1118 1057 1258 1‚1D76

10 1300 12 1305 ,
58 1240 114 1313 put
135 1238 323 1312 praegravat,¹
350 1231 506 1311 caHginem
529 1234 637 1312 nutrit,
665 1231 858 1313 cupiditatem
880 1250 967 1292 vene·
1059 1231 1066 1243 '

21 1323 122 1381 terim
150 1318 308 1399 voluptatis
336 1318 479 1381 accendit.
521 1322 599 1381 sicca
626 1322 713 1381 etiam
743 1327 845 1382 contra
873 1319 969 1381 ebrie·

58 1416 153 1469 tatem
165 1407 276 1489 valent,
295 1411 321 1468 si
339 1410 523 1469 antoninum
541 1411 673 1488 quinque
692 1416 856 1469 sumantur.
888 1410 969 1470 sitim

58 1514 97 1558 ex
115 1494 163 1558 his
179 1496 356 1557 iniiammari
374 1495 424 1557 ilio
443 1505 617 1576 argumento
636 1498 762 1558 docetur
780 1496 858 1576 quod
872 1495 969 1576 vulpis

58 1600 129 1647 cum
157 1584 305 1666 amygdala
339 1584 523 1646 devoraverit
550 1604 606 1647 nec
628 1603 739 1664 aquam
770 1587 802 1646 in
833 1587 968 1665 proximo

56 1672 198 1735 hnhuerh
219 1675 343 1734 interire
362 1673 505 1735 creditur.
543 1692 680 1735 somnum
703 1674 829 1755 factumi,
851 1675 969 1734 urinam

10 1768 194 1843 ¹timorem,
221 1762 399 1824 feminarum
426 1763 504 1823 iusta
530 1765 736 1843 praecipitant.
773 1780 842 1823 oum
871 1760 968 1822 amulo

54 1975 191 2035 incidunt.
227 1973 317 2031 dulcia
344 1974 485 2031 stomacho
515 1975 666 2048 contraria,
697 1976 777 2032 citius
800 1983 890 2031 tamen
919 1990 969 2049 per

54 2060 187 2117 intestina
209 2057 307 2116 linunt.
346 2060 449 2134 gummi
477 2059 535 2117 eius
558 2076 606 2118 ore
633 2058 775 2116 detentum
798 2064 827 2117 et
848 2059 968 2135 glutien-

57 2142 121 2201 dum
136 2144 251 2200 arterias
272 2142 353 2214 lenit,
376 2144 585 2202 vetustissimam
600 2151 704 2201 tussem
719 2145 876 2219 conpescit,
908 2160 969 2202 cum

56 2243 135 2284 uero
157 2236 254 2302 potum
276 2226 395 2284 calculos
417 2229 445 2284 in
467 2230 555 2286 vesica
577 2228 689 2304 frangit.

433 2363 594 2373 *—

126 2378 176 2431 Do
193 2378 319 2430 tubere.

14 2477 46 2520 ²⁰
124 2468 214 2528 riter
227 2471 360 2530 virtutem
383 2470 464 2528 habet
485 2472 638 2546 stypticam.
668 2487 748 2545 poma
770 2473 829 2546 ipsa
849 2478 969 2528 comesta
988 2471 1044 2540 (02)

56 2554 228 2613 stomachum
257 2556 426 2613 nausiantem
453 2563 481 2612 et
507 2553 609 2610 fluxum
631 2556 734 2612 ventris
763 2555 968 2629 constringunt.

57 2636 164 2695 utiliter
185 2639 285 2695 dentur
307 2641 466 2714 sanguinem
489 2637 673 2698 reicientibus.

132 2858 319 2915 inicumv.
337 2860 365 2914 d.
386 2858 673 2942 {veteripoldhbp
729 2858 978 2927 3ioediictemo‚
1005 2859 1076 2915 iodi-

52 2930 150 3013 tatem
165 2930 231 2999 yid.
246 2930 332 3002 lcum
349 2930 473 2985 merch
491 2931 529 2985 od
550 2930 689 3012 tequemio
706 2931 828 3014 pertinet
851 2931 911 3000 (aec
930 2902 1075 3000 091),αά

47 3016 159 3070 priora
174 3015 225 3058 sec
244 3001 321 3057 codd
367 2999 513 3056 tronione
531 3000 681 3084 cennlisp.
696 3000 793 3074 nesiop
808 3001 962 3071 cornaliso,
981 3000 1076 3056 vesica

47 3016 161 3127 cortilio
184 3072 221 3128 ld.
246 3071 464 3140 iobrniimld
508 3073 566 3127 tit.
584 3072 860 3156 Denmygdclnpo
924 3043 1075 3128 'illecto

54 3141 148 3197 suam
165 3143 210 3197 rh.
227 3143 396 3212 {stomacho
414 3142 607 3227 prodesserh
651 3142 868 3199 8smnncleil
886 3145 890 3212 Ι
910 3144 974 3198 luico
988 3146 1076 3198 aecci

53 3211 242 3283 Antigdnlnm
260 3231 284 3269 o.
298 3231 384 3284 pr...
452 3213 616 3269 evenerine
633 3215 702 3283 pol·
721 3230 855 3270 venereae
873 3214 918 3270 rh.
965 3219 1000 3270 to
1017 3214 1074 3269 vol.

53 3283 147 3339 eiiam
159 3284 349 3340 comuniter.
366 3284 537 3351 iSiccum..
548 3284 702 3340 ..vnlctld
719 3283 930 3354 lcticmyold:
947 3286 1075 3340 verorlr.

94 3359 129 3409 11
149 3354 271 3411 sitim-
237 3357 336 3425 -(14)
355 3355 546 3410 oriditurorn.
564 3357 591 3410 d
656 3360 689 3409 12
708 3355 801 3425 vulpis
818 3357 884 3425 pol.
914 3356 1039 3426 pesth

56 3430 94 3481 18
113 3424 288 3482 devoraritl.
335 3431 368 3481 15
388 3426 482 3482 cmnlo
500 3427 587 3496 (Pl.)
603 3425 755 3496 amygdala
769 3427 872 3497 (nimy,
890 3426 1076 3498 amigdalae,

57 3495 204 3566 nmigdnlo
223 3498 257 3552 ld
275 3497 446 3569 (Amygdaic
463 3514 573 3567 qnoque
593 3514 655 3552 cum
673 3499 771 3552 mente
787 3499 845 3567 rb).
