<?xml version="1.0" encoding="UTF-8"?>
<!DOCTYPE html PUBLIC "-//W3C//DTD XHTML 1.0 Transitional//EN"
    "http://www.w3.org/TR/xhtml1/DTD/xhtml1-transitional.dtd">
<html xmlns="http://www.w3.org/1999/xhtml" xml:lang="en" lang="en">
 <head>
  <title>
</title>
<meta http-equiv="Content-Type" content="text/html;charset=utf-8" />
  <meta name='ocr-system' content='tesseract 3.04.00' />
  <meta name='ocr-capabilities' content='ocr_page ocr_carea ocr_par ocr_line ocrx_word'/>
</head>
<body>
  <div class='ocr_page' id='page_1' title='image "./pliniisecundiqu01plingoog_0194.png"; bbox 0 0 2392 3856; ppageno 0'>
   <div class='ocr_carea' id='block_1_1' title="bbox 526 167 769 234">
    <p class='ocr_par' dir='ltr' id='par_1_1' title="bbox 526 167 769 234">
     <span class='ocr_line' id='line_1_1' title="bbox 526 167 769 234; baseline 0 -20"><span class='ocrx_word' id='word_1_1' title='bbox 526 167 769 234; x_wconf 68' lang='lat'>„134-</span> 
     </span>
    </p>
   </div>
   <div class='ocr_carea' id='block_1_2' title="bbox 140 329 1190 1916">
    <p class='ocr_par' dir='ltr' id='par_1_2' title="bbox 140 329 1190 1916">
     <span class='ocr_line' id='line_1_2' title="bbox 249 329 1147 410; baseline 0.004 -19"><span class='ocrx_word' id='word_1_2' title='bbox 249 332 313 410; x_wconf 88' lang='lat' dir='ltr'><strong>ipse</strong></span> <span class='ocrx_word' id='word_1_3' title='bbox 335 333 463 392; x_wconf 78' lang='lat' dir='ltr'><strong>austeris</strong></span> <span class='ocrx_word' id='word_1_4' title='bbox 482 339 513 391; x_wconf 91' lang='lat' dir='ltr'><strong>et</strong></span> <span class='ocrx_word' id='word_1_5' title='bbox 535 332 669 410; x_wconf 68' lang='lat' dir='ltr'><strong>stppucis</strong></span> <span class='ocrx_word' id='word_1_6' title='bbox 691 329 776 391; x_wconf 82' lang='lat' dir='ltr'><strong>adest</strong></span> <span class='ocrx_word' id='word_1_7' title='bbox 797 329 951 410; x_wconf 78' lang='lat' dir='ltr'><strong>fermeque</strong></span> <span class='ocrx_word' id='word_1_8' title='bbox 968 332 997 391; x_wconf 89' lang='lat' dir='ltr'><strong>is</strong></span> <span class='ocrx_word' id='word_1_9' title='bbox 1020 332 1147 395; x_wconf 89' lang='lat' dir='ltr'><strong>omnibus</strong></span> 
     </span>
     <span class='ocr_line' id='line_1_3' title="bbox 250 419 1148 499; baseline 0.004 -19"><span class='ocrx_word' id='word_1_10' title='bbox 250 437 325 499; x_wconf 89' lang='lat' dir='ltr'><strong>quae</strong></span> <span class='ocrx_word' id='word_1_11' title='bbox 349 419 411 483; x_wconf 85' lang='lat' dir='ltr'><strong>sota</strong></span> <span class='ocrx_word' id='word_1_12' title='bbox 437 420 468 480; x_wconf 94' lang='lat' dir='ltr'><strong>in</strong></span> <span class='ocrx_word' id='word_1_13' title='bbox 495 419 594 480; x_wconf 90' lang='lat' dir='ltr'><strong>bieme</strong></span> <span class='ocrx_word' id='word_1_14' title='bbox 622 428 792 481; x_wconf 74' lang='lat' dir='ltr'><strong>serrantur:</strong></span> <span class='ocrx_word' id='word_1_15' title='bbox 822 437 858 479; x_wconf 81' lang='lat' dir='ltr'><strong>ee</strong></span> <span class='ocrx_word' id='word_1_16' title='bbox 883 420 911 479; x_wconf 86' lang='lat' dir='ltr'><strong>si</strong></span> <span class='ocrx_word' id='word_1_17' title='bbox 938 427 1057 499; x_wconf 67' lang='lat' dir='ltr'><strong>matura</strong></span> <span class='ocrx_word' id='word_1_18' title='bbox 1081 421 1148 484; x_wconf 80' lang='lat' dir='ltr'><strong>leco</strong></span> 
     </span>
     <span class='ocr_line' id='line_1_4' title="bbox 249 507 1148 589; baseline 0.003 -20"><span class='ocrx_word' id='word_1_19' title='bbox 249 517 282 569; x_wconf 93' lang='lat' dir='ltr'><strong>et</strong></span> <span class='ocrx_word' id='word_1_20' title='bbox 303 507 464 569; x_wconf 80' lang='lat' dir='ltr'><strong>salubriter</strong></span> <span class='ocrx_word' id='word_1_21' title='bbox 486 507 633 569; x_wconf 85' lang='lat' dir='ltr'><strong>custodita</strong></span> <span class='ocrx_word' id='word_1_22' title='bbox 659 509 866 588; x_wconf 75' lang='lat' dir='ltr'><strong>provenerint,</strong></span> <span class='ocrx_word' id='word_1_23' title='bbox 894 508 987 569; x_wconf 88' lang='lat' dir='ltr'><strong>etiam</strong></span> <span class='ocrx_word' id='word_1_24' title='bbox 1013 509 1148 589; x_wconf 80' lang='lat' dir='ltr'><strong>prodesse</strong></span> 
     </span>
     <span class='ocr_line' id='line_1_5' title="bbox 249 595 1147 676; baseline 0.002 -18"><span class='ocrx_word' id='word_1_25' title='bbox 249 596 458 676; x_wconf 80' lang='lat' dir='ltr'><strong>languentibus</strong></span> <span class='ocrx_word' id='word_1_26' title='bbox 485 597 646 658; x_wconf 78' lang='lat' dir='ltr'><strong>adseverat</strong></span> <span class='ocrx_word' id='word_1_27' title='bbox 687 595 817 675; x_wconf 89' lang='lat' dir='ltr'><strong>denique</strong></span> <span class='ocrx_word' id='word_1_28' title='bbox 843 596 940 656; x_wconf 79' lang='lat' dir='ltr'><strong>latina</strong></span> <span class='ocrx_word' id='word_1_29' title='bbox 966 596 1147 660; x_wconf 82' lang='lat' dir='ltr'><strong>involutain</strong></span> 
     </span>
     <span class='ocr_line' id='line_1_6' title="bbox 249 683 1165 766; baseline -0.004 -20"><span class='ocrx_word' id='word_1_30' title='bbox 249 685 344 747; x_wconf 83' lang='lat' dir='ltr'><strong>calido</strong></span> <span class='ocrx_word' id='word_1_31' title='bbox 366 688 468 746; x_wconf 89' lang='lat' dir='ltr'><strong>cinere</strong></span> <span class='ocrx_word' id='word_1_32' title='bbox 491 685 621 746; x_wconf 87' lang='lat' dir='ltr'><strong>discocta</strong></span> <span class='ocrx_word' id='word_1_33' title='bbox 643 687 675 745; x_wconf 94' lang='lat' dir='ltr'><strong>in</strong></span> <span class='ocrx_word' id='word_1_34' title='bbox 698 683 829 764; x_wconf 80' lang='lat' dir='ltr'><strong>querelis</strong></span> <span class='ocrx_word' id='word_1_35' title='bbox 851 683 966 746; x_wconf 74' lang='lat' dir='ltr'><strong>utiliter</strong></span> <span class='ocrx_word' id='word_1_36' title='bbox 988 694 1076 766; x_wconf 82' lang='lat' dir='ltr'><strong>potat</strong></span> <span class='ocrx_word' id='word_1_37' title='bbox 1095 694 1165 749; x_wconf 79' lang='lat' dir='ltr'><strong>stol</strong></span> 
     </span>
     <span class='ocr_line' id='line_1_7' title="bbox 186 772 1190 852; baseline 0.003 -18"><span class='ocrx_word' id='word_1_38' title='bbox 186 779 202 812; x_wconf 80' lang='grc'>*</span> <span class='ocrx_word' id='word_1_39' title='bbox 247 774 345 835; x_wconf 89' lang='lat' dir='ltr'><strong>maebi</strong></span> <span class='ocrx_word' id='word_1_40' title='bbox 367 776 530 835; x_wconf 75' lang='lat' dir='ltr'><strong>nausiantis</strong></span> <span class='ocrx_word' id='word_1_41' title='bbox 548 775 658 834; x_wconf 85' lang='lat' dir='ltr'><strong>olierri</strong></span> <span class='ocrx_word' id='word_1_42' title='bbox 694 780 795 852; x_wconf 89' lang='lat' dir='ltr'><strong>potest</strong></span> <span class='ocrx_word' id='word_1_43' title='bbox 816 772 927 833; x_wconf 90' lang='lat' dir='ltr'><strong>malum</strong></span> <span class='ocrx_word' id='word_1_44' title='bbox 943 775 1075 836; x_wconf 83' lang='lat' dir='ltr'><strong>maxime</strong></span> <span class='ocrx_word' id='word_1_45' title='bbox 1096 794 1147 837; x_wconf 79' lang='lat' dir='ltr'><strong>me</strong></span> <span class='ocrx_word' id='word_1_46' title='bbox 1186 794 1190 843; x_wconf 90' lang='grc'><strong>·,</strong></span> 
     </span>
     <span class='ocr_line' id='line_1_8' title="bbox 249 860 1190 942; baseline 0.001 -18"><span class='ocrx_word' id='word_1_47' title='bbox 249 865 363 924; x_wconf 78' lang='lat' dir='ltr'><strong>tionum</strong></span> <span class='ocrx_word' id='word_1_48' title='bbox 390 865 565 942; x_wconf 85' lang='lat' dir='ltr'><strong>sanguinem</strong></span> <span class='ocrx_word' id='word_1_49' title='bbox 598 863 772 942; x_wconf 71' lang='lat' dir='ltr'><strong>stimantes,</strong></span> <span class='ocrx_word' id='word_1_50' title='bbox 801 860 954 941; x_wconf 85' lang='lat' dir='ltr'><strong>pulmonis</strong></span> <span class='ocrx_word' id='word_1_51' title='bbox 988 870 1020 924; x_wconf 92' lang='lat' dir='ltr'><strong>et</strong></span> <span class='ocrx_word' id='word_1_52' title='bbox 1048 864 1147 925; x_wconf 82' lang='lat' dir='ltr'><strong>iccoris</strong></span> <span class='ocrx_word' id='word_1_53' title='bbox 1188 916 1190 939; x_wconf 76' lang='lat'>‚</span> 
     </span>
     <span class='ocr_line' id='line_1_9' title="bbox 247 948 1190 1032; baseline 0.003 -21"><span class='ocrx_word' id='word_1_54' title='bbox 247 953 374 1011; x_wconf 86' lang='lat' dir='ltr'><strong>iniuriae</strong></span> <span class='ocrx_word' id='word_1_55' title='bbox 401 950 545 1011; x_wconf 91' lang='lat' dir='ltr'><strong>obnoxios</strong></span> <span class='ocrx_word' id='word_1_56' title='bbox 568 949 736 1032; x_wconf 85' lang='lat' dir='ltr'><strong>sublevare,</strong></span> <span class='ocrx_word' id='word_1_57' title='bbox 762 949 869 1010; x_wconf 88' lang='lat' dir='ltr'><strong>melius</strong></span> <span class='ocrx_word' id='word_1_58' title='bbox 894 957 998 1012; x_wconf 67' lang='lat' dir='ltr'><strong>nmen</strong></span> <span class='ocrx_word' id='word_1_59' title='bbox 1023 953 1148 1014; x_wconf 85' lang='lat' dir='ltr'><strong>sinum</strong></span> <span class='ocrx_word' id='word_1_60' title='bbox 1184 948 1190 963; x_wconf 89' lang='lat'>&#39;</span> 
     </span>
     <span class='ocr_line' id='line_1_10' title="bbox 249 1038 1147 1119; baseline 0.004 -21"><span class='ocrx_word' id='word_1_61' title='bbox 249 1057 338 1118; x_wconf 90' lang='lat' dir='ltr'><strong>quam</strong></span> <span class='ocrx_word' id='word_1_62' title='bbox 359 1039 468 1099; x_wconf 90' lang='lat' dir='ltr'><strong>ieiunis</strong></span> <span class='ocrx_word' id='word_1_63' title='bbox 490 1038 543 1099; x_wconf 91' lang='lat' dir='ltr'><strong>sed</strong></span> <span class='ocrx_word' id='word_1_64' title='bbox 566 1048 635 1119; x_wconf 90' lang='lat' dir='ltr'><strong>post</strong></span> <span class='ocrx_word' id='word_1_65' title='bbox 652 1038 753 1099; x_wconf 90' lang='lat' dir='ltr'><strong>cibum</strong></span> <span class='ocrx_word' id='word_1_66' title='bbox 774 1038 872 1099; x_wconf 89' lang='lat' dir='ltr'><strong>detur.</strong></span> <span class='ocrx_word' id='word_1_67' title='bbox 908 1040 955 1099; x_wconf 82' lang='lat' dir='ltr'><strong>vis</strong></span> <span class='ocrx_word' id='word_1_68' title='bbox 978 1056 1049 1119; x_wconf 75' lang='lat' dir='ltr'><strong>erqo</strong></span> <span class='ocrx_word' id='word_1_69' title='bbox 1068 1039 1147 1102; x_wconf 78' lang='lat' dir='ltr'><strong>melis</strong></span> 
     </span>
     <span class='ocr_line' id='line_1_11' title="bbox 140 1126 1172 1208; baseline -0.002 -24"><span class='ocrx_word' id='word_1_70' title='bbox 140 1126 361 1187; x_wconf 80' lang='lat' dir='ltr'><strong>Gai.l.c.umide</strong></span> <span class='ocrx_word' id='word_1_71' title='bbox 383 1133 416 1186; x_wconf 90' lang='lat' dir='ltr'><strong>et</strong></span> <span class='ocrx_word' id='word_1_72' title='bbox 437 1126 542 1206; x_wconf 75' lang='lat' dir='ltr'><strong>frigida</strong></span> <span class='ocrx_word' id='word_1_73' title='bbox 565 1136 625 1208; x_wconf 84' lang='lat' dir='ltr'><strong>est,</strong></span> <span class='ocrx_word' id='word_1_74' title='bbox 647 1127 727 1205; x_wconf 85' lang='lat' dir='ltr'><strong>quod</strong></span> <span class='ocrx_word' id='word_1_75' title='bbox 749 1129 876 1186; x_wconf 85' lang='lat' dir='ltr'><strong>maxime</strong></span> <span class='ocrx_word' id='word_1_76' title='bbox 899 1144 938 1187; x_wconf 92' lang='lat' dir='ltr'><strong>ex</strong></span> <span class='ocrx_word' id='word_1_77' title='bbox 962 1145 999 1188; x_wconf 87' lang='lat' dir='ltr'><strong>eo</strong></span> <span class='ocrx_word' id='word_1_78' title='bbox 1018 1143 1172 1207; x_wconf 74' lang='lat' dir='ltr'><strong>mpren</strong></span> 
     </span>
     <span class='ocr_line' id='line_1_12' title="bbox 247 1214 1140 1296; baseline -0.002 -19"><span class='ocrx_word' id='word_1_79' title='bbox 247 1215 390 1277; x_wconf 89' lang='lat' dir='ltr'><strong>benditur</strong></span> <span class='ocrx_word' id='word_1_80' title='bbox 402 1215 482 1293; x_wconf 85' lang='lat' dir='ltr'><strong>quod</strong></span> <span class='ocrx_word' id='word_1_81' title='bbox 496 1234 588 1277; x_wconf 89' lang='lat' dir='ltr'><strong>sucus</strong></span> <span class='ocrx_word' id='word_1_82' title='bbox 601 1218 653 1296; x_wconf 92' lang='lat' dir='ltr'><strong>qui</strong></span> <span class='ocrx_word' id='word_1_83' title='bbox 671 1216 762 1276; x_wconf 84' lang='lat' dir='ltr'><strong>luerit</strong></span> <span class='ocrx_word' id='word_1_84' title='bbox 774 1232 936 1294; x_wconf 87' lang='lat' dir='ltr'><strong>expressus</strong></span> <span class='ocrx_word' id='word_1_85' title='bbox 951 1214 1031 1277; x_wconf 75' lang='lat' dir='ltr'><strong>lade</strong></span> <span class='ocrx_word' id='word_1_86' title='bbox 1041 1216 1140 1277; x_wconf 68' lang='lat' dir='ltr'><strong>bunut</strong></span> 
     </span>
     <span class='ocr_line' id='line_1_13' title="bbox 154 1303 1145 1384; baseline 0.002 -22"><span class='ocrx_word' id='word_1_87' title='bbox 154 1305 189 1363; x_wconf 84' lang='lat' dir='ltr'><strong>G.</strong></span> <span class='ocrx_word' id='word_1_88' title='bbox 203 1306 281 1365; x_wconf 68' lang='lat' dir='ltr'><strong>ibin</strong></span> <span class='ocrx_word' id='word_1_89' title='bbox 304 1322 431 1365; x_wconf 88' lang='lat' dir='ltr'><strong>acorem</strong></span> <span class='ocrx_word' id='word_1_90' title='bbox 468 1307 596 1367; x_wconf 89' lang='lat' dir='ltr'><strong>austeris</strong></span> <span class='ocrx_word' id='word_1_91' title='bbox 622 1312 721 1365; x_wconf 86' lang='lat' dir='ltr'><strong>tamen</strong></span> <span class='ocrx_word' id='word_1_92' title='bbox 749 1303 834 1364; x_wconf 81' lang='lat' dir='ltr'><strong>melis</strong></span> <span class='ocrx_word' id='word_1_93' title='bbox 856 1310 888 1364; x_wconf 89' lang='lat' dir='ltr'><strong>et</strong></span> <span class='ocrx_word' id='word_1_94' title='bbox 915 1304 1011 1365; x_wconf 81' lang='lat' dir='ltr'><strong>acidis</strong></span> <span class='ocrx_word' id='word_1_95' title='bbox 1028 1310 1145 1384; x_wconf 80' lang='lat' dir='ltr'><strong>possum</strong></span> 
     </span>
     <span class='ocr_line' id='line_1_14' title="bbox 248 1392 1146 1473; baseline -0.002 -19"><span class='ocrx_word' id='word_1_96' title='bbox 248 1395 380 1455; x_wconf 81' lang='lat' dir='ltr'><strong>recentia</strong></span> <span class='ocrx_word' id='word_1_97' title='bbox 398 1392 521 1454; x_wconf 73' lang='lat' dir='ltr'><strong>refluere</strong></span> <span class='ocrx_word' id='word_1_98' title='bbox 539 1396 639 1455; x_wconf 89' lang='lat' dir='ltr'><strong>stetim</strong></span> <span class='ocrx_word' id='word_1_99' title='bbox 658 1392 755 1453; x_wconf 87' lang='lat' dir='ltr'><strong>claudi</strong></span> <span class='ocrx_word' id='word_1_100' title='bbox 774 1394 800 1452; x_wconf 92' lang='lat' dir='ltr'><strong>si</strong></span> <span class='ocrx_word' id='word_1_101' title='bbox 818 1394 947 1454; x_wconf 81' lang='lat' dir='ltr'><strong>contrita</strong></span> <span class='ocrx_word' id='word_1_102' title='bbox 966 1395 1146 1473; x_wconf 79' lang='lat' dir='ltr'><strong>inponantur.</strong></span> 
     </span>
     <span class='ocr_line' id='line_1_15' title="bbox 247 1481 1144 1562; baseline -0.004 -19"><span class='ocrx_word' id='word_1_103' title='bbox 247 1490 382 1543; x_wconf 85' lang='lat' dir='ltr'><strong>tumores</strong></span> <span class='ocrx_word' id='word_1_104' title='bbox 400 1490 489 1562; x_wconf 92' lang='lat' dir='ltr'><strong>atque</strong></span> <span class='ocrx_word' id='word_1_105' title='bbox 507 1482 615 1542; x_wconf 78' lang='lat' dir='ltr'><strong>livores</strong></span> <span class='ocrx_word' id='word_1_106' title='bbox 638 1499 675 1541; x_wconf 89' lang='lat' dir='ltr'><strong>ex</strong></span> <span class='ocrx_word' id='word_1_107' title='bbox 693 1498 768 1560; x_wconf 84' lang='lat' dir='ltr'><strong>equa</strong></span> <span class='ocrx_word' id='word_1_108' title='bbox 789 1488 873 1541; x_wconf 85' lang='lat' dir='ltr'><strong>cocta</strong></span> <span class='ocrx_word' id='word_1_109' title='bbox 891 1489 1015 1542; x_wconf 90' lang='lat' dir='ltr'><strong>etcum</strong></span> <span class='ocrx_word' id='word_1_110' title='bbox 1031 1481 1144 1560; x_wconf 75' lang='lat' dir='ltr'><strong>axungia</strong></span> 
     </span>
     <span class='ocr_line' id='line_1_16' title="bbox 248 1573 1168 1650; baseline 0 -19"><span class='ocrx_word' id='word_1_111' title='bbox 248 1573 318 1632; x_wconf 92' lang='lat' dir='ltr'><strong>trita</strong></span> <span class='ocrx_word' id='word_1_112' title='bbox 341 1578 544 1650; x_wconf 90' lang='lat' dir='ltr'><strong>compescunt.</strong></span> <span class='ocrx_word' id='word_1_113' title='bbox 1148 1578 1168 1621; x_wconf 76' lang='lat'><strong>1⁵</strong></span> 
     </span>
     <span class='ocr_line' id='line_1_17' title="bbox 312 1656 1140 1736; baseline 0 -17"><span class='ocrx_word' id='word_1_114' title='bbox 312 1658 361 1719; x_wconf 86' lang='lat' dir='ltr'><strong>Fit</strong></span> <span class='ocrx_word' id='word_1_115' title='bbox 388 1678 424 1719; x_wconf 88' lang='lat' dir='ltr'><strong>ex</strong></span> <span class='ocrx_word' id='word_1_116' title='bbox 451 1659 537 1719; x_wconf 89' lang='lat' dir='ltr'><strong>malis</strong></span> <span class='ocrx_word' id='word_1_117' title='bbox 563 1658 718 1720; x_wconf 90' lang='lat' dir='ltr'><strong>manlianis</strong></span> <span class='ocrx_word' id='word_1_118' title='bbox 746 1658 866 1736; x_wconf 90' lang='lat' dir='ltr'><strong>optimis</strong></span> <span class='ocrx_word' id='word_1_119' title='bbox 892 1656 996 1718; x_wconf 80' lang='lat' dir='ltr'><strong>nobile</strong></span> <span class='ocrx_word' id='word_1_120' title='bbox 1029 1656 1140 1719; x_wconf 82' lang='lat' dir='ltr'><strong>melica·</strong></span> 
     </span>
     <span class='ocr_line' id='line_1_18' title="bbox 246 1744 1145 1827; baseline 0 -20"><span class='ocrx_word' id='word_1_121' title='bbox 246 1756 381 1809; x_wconf 90' lang='lat' dir='ltr'><strong>mentum</strong></span> <span class='ocrx_word' id='word_1_122' title='bbox 400 1747 479 1827; x_wconf 88' lang='lat' dir='ltr'><strong>quod</strong></span> <span class='ocrx_word' id='word_1_123' title='bbox 502 1765 608 1827; x_wconf 81' lang='lat' dir='ltr'><strong>graece</strong></span> <span class='ocrx_word' id='word_1_124' title='bbox 626 1746 747 1808; x_wconf 88' lang='lat' dir='ltr'><strong>hedrice</strong></span> <span class='ocrx_word' id='word_1_125' title='bbox 766 1745 890 1827; x_wconf 86' lang='lat' dir='ltr'><strong>dicitur,</strong></span> <span class='ocrx_word' id='word_1_126' title='bbox 912 1764 1063 1825; x_wconf 89' lang='lat' dir='ltr'><strong>perquam</strong></span> <span class='ocrx_word' id='word_1_127' title='bbox 1083 1744 1145 1807; x_wconf 85' lang='lat' dir='ltr'><strong>utile</strong></span> 
     </span>
     <span class='ocr_line' id='line_1_19' title="bbox 247 1833 1145 1916; baseline -0.002 -20"><span class='ocrx_word' id='word_1_128' title='bbox 247 1844 336 1916; x_wconf 91' lang='lat' dir='ltr'><strong>atque</strong></span> <span class='ocrx_word' id='word_1_129' title='bbox 364 1836 468 1897; x_wconf 84' lang='lat' dir='ltr'><strong>efficax</strong></span> <span class='ocrx_word' id='word_1_130' title='bbox 495 1838 521 1897; x_wconf 93' lang='lat' dir='ltr'><strong>si</strong></span> <span class='ocrx_word' id='word_1_131' title='bbox 549 1836 666 1916; x_wconf 85' lang='lat' dir='ltr'><strong>quando</strong></span> <span class='ocrx_word' id='word_1_132' title='bbox 693 1833 831 1895; x_wconf 82' lang='lat' dir='ltr'><strong>verendis</strong></span> <span class='ocrx_word' id='word_1_133' title='bbox 856 1833 994 1913; x_wconf 84' lang='lat' dir='ltr'><strong>pertibus</strong></span> <span class='ocrx_word' id='word_1_134' title='bbox 1017 1834 1145 1915; x_wconf 67' lang='lat' dir='ltr'><strong>condrio</strong></span> 
     </span>
    </p>
   </div>
   <div class='ocr_carea' id='block_1_3' title="bbox 245 1921 1190 2448">
    <p class='ocr_par' dir='ltr' id='par_1_3' title="bbox 245 1921 1190 2448">
     <span class='ocr_line' id='line_1_20' title="bbox 246 1921 1148 2007; baseline -0.001 -23"><span class='ocrx_word' id='word_1_135' title='bbox 246 1933 338 2007; x_wconf 88' lang='lat' dir='ltr'><strong>mata,</strong></span> <span class='ocrx_word' id='word_1_136' title='bbox 364 1924 412 1985; x_wconf 84' lang='lat' dir='ltr'><strong>rel</strong></span> <span class='ocrx_word' id='word_1_137' title='bbox 433 1925 557 2004; x_wconf 91' lang='lat' dir='ltr'><strong>papulae</strong></span> <span class='ocrx_word' id='word_1_138' title='bbox 580 1926 746 1986; x_wconf 88' lang='lat' dir='ltr'><strong>eminentes</strong></span> <span class='ocrx_word' id='word_1_139' title='bbox 768 1940 843 2002; x_wconf 79' lang='lat' dir='ltr'><strong>ques</strong></span> <span class='ocrx_word' id='word_1_140' title='bbox 865 1921 1148 1985; x_wconf 82' lang='lat' dir='ltr'><strong>cacoethes·me‹lici</strong></span> 
     </span>
     <span class='ocr_line' id='line_1_21' title="bbox 246 2012 1177 2094; baseline 0.002 -23"><span class='ocrx_word' id='word_1_141' title='bbox 246 2021 366 2094; x_wconf 86' lang='lat' dir='ltr'><strong>vocent,</strong></span> <span class='ocrx_word' id='word_1_142' title='bbox 401 2012 448 2074; x_wconf 82' lang='lat' dir='ltr'><strong>rel</strong></span> <span class='ocrx_word' id='word_1_143' title='bbox 481 2012 588 2075; x_wconf 80' lang='lat' dir='ltr'><strong>callosa</strong></span> <span class='ocrx_word' id='word_1_144' title='bbox 619 2031 689 2092; x_wconf 85' lang='lat' dir='ltr'><strong>pers</strong></span> <span class='ocrx_word' id='word_1_145' title='bbox 720 2012 819 2072; x_wconf 86' lang='lat' dir='ltr'><strong>cernis</strong></span> <span class='ocrx_word' id='word_1_146' title='bbox 855 2013 1032 2073; x_wconf 84' lang='lat' dir='ltr'><strong>excreverit</strong></span> <span class='ocrx_word' id='word_1_147' title='bbox 1088 2013 1177 2073; x_wconf 66' lang='lat' dir='ltr'><strong>uoti·</strong></span> 
     </span>
     <span class='ocr_line' id='line_1_22' title="bbox 247 2100 1147 2180; baseline 0 -19"><span class='ocrx_word' id='word_1_148' title='bbox 247 2103 422 2179; x_wconf 86' lang='lat' dir='ltr'><strong>compositio</strong></span> <span class='ocrx_word' id='word_1_149' title='bbox 441 2101 508 2161; x_wconf 90' lang='lat' dir='ltr'><strong>talis</strong></span> <span class='ocrx_word' id='word_1_150' title='bbox 527 2110 581 2161; x_wconf 90' lang='lat' dir='ltr'><strong>est</strong></span> <span class='ocrx_word' id='word_1_151' title='bbox 618 2100 694 2162; x_wconf 82' lang='lat' dir='ltr'><strong>male</strong></span> <span class='ocrx_word' id='word_1_152' title='bbox 712 2102 830 2160; x_wconf 88' lang='lat' dir='ltr'><strong>concisa</strong></span> <span class='ocrx_word' id='word_1_153' title='bbox 845 2107 876 2161; x_wconf 93' lang='lat' dir='ltr'><strong>et</strong></span> <span class='ocrx_word' id='word_1_154' title='bbox 892 2101 1021 2161; x_wconf 89' lang='lat' dir='ltr'><strong>interius</strong></span> <span class='ocrx_word' id='word_1_155' title='bbox 1039 2100 1147 2180; x_wconf 80' lang='lat' dir='ltr'><strong>lignosa</strong></span> 
     </span>
     <span class='ocr_line' id='line_1_23' title="bbox 245 2187 1190 2269; baseline 0.004 -23"><span class='ocrx_word' id='word_1_156' title='bbox 245 2195 330 2267; x_wconf 90' lang='lat' dir='ltr'><strong>parte</strong></span> <span class='ocrx_word' id='word_1_157' title='bbox 358 2195 482 2267; x_wconf 79' lang='lat' dir='ltr'><strong>purgata</strong></span> <span class='ocrx_word' id='word_1_158' title='bbox 509 2187 602 2248; x_wconf 91' lang='lat' dir='ltr'><strong>librae</strong></span> <span class='ocrx_word' id='word_1_159' title='bbox 625 2191 716 2249; x_wconf 92' lang='lat' dir='ltr'><strong>unius</strong></span> <span class='ocrx_word' id='word_1_160' title='bbox 743 2188 898 2269; x_wconf 89' lang='lat' dir='ltr'><strong>ponderis,</strong></span> <span class='ocrx_word' id='word_1_161' title='bbox 925 2187 1051 2249; x_wconf 81' lang='lat' dir='ltr'><strong>adiectis</strong></span> <span class='ocrx_word' id='word_1_162' title='bbox 1074 2188 1148 2250; x_wconf 87' lang='lat' dir='ltr'><strong>croci</strong></span> <span class='ocrx_word' id='word_1_163' title='bbox 1188 2228 1190 2235; x_wconf 91' lang='lat'>·</span> 
     </span>
     <span class='ocr_line' id='line_1_24' title="bbox 245 2252 1190 2357; baseline -0.003 -22"><span class='ocrx_word' id='word_1_164' title='bbox 245 2276 289 2337; x_wconf 56' lang='grc' dir='ltr'><strong>ὦ.</strong></span> <span class='ocrx_word' id='word_1_165' title='bbox 303 2289 355 2357; x_wconf 81' lang='lat' dir='ltr'><strong>vl,</strong></span> <span class='ocrx_word' id='word_1_166' title='bbox 377 2278 408 2336; x_wconf 92' lang='lat' dir='ltr'><strong>in</strong></span> <span class='ocrx_word' id='word_1_167' title='bbox 431 2277 511 2355; x_wconf 85' lang='lat' dir='ltr'><strong>passi</strong></span> <span class='ocrx_word' id='word_1_168' title='bbox 533 2278 662 2336; x_wconf 87' lang='lat' dir='ltr'><strong>sextario</strong></span> <span class='ocrx_word' id='word_1_169' title='bbox 684 2276 895 2356; x_wconf 88' lang='lat' dir='ltr'><strong>decoquuntur</strong></span> <span class='ocrx_word' id='word_1_170' title='bbox 916 2284 948 2336; x_wconf 90' lang='lat' dir='ltr'><strong>et</strong></span> <span class='ocrx_word' id='word_1_171' title='bbox 969 2293 1041 2337; x_wconf 91' lang='lat' dir='ltr'><strong>cum</strong></span> <span class='ocrx_word' id='word_1_172' title='bbox 1063 2293 1146 2337; x_wconf 89' lang='lat' dir='ltr'><strong>omne</strong></span> <span class='ocrx_word' id='word_1_173' title='bbox 1185 2252 1190 2331; x_wconf 69' lang='lat'><strong>¹2</strong></span> 
     </span>
     <span class='ocr_line' id='line_1_25' title="bbox 245 2363 1147 2448; baseline 0.001 -23"><span class='ocrx_word' id='word_1_174' title='bbox 245 2366 431 2448; x_wconf 78' lang='lat' dir='ltr'><strong>concoxerit,</strong></span> <span class='ocrx_word' id='word_1_175' title='bbox 457 2372 518 2425; x_wconf 86' lang='lat' dir='ltr'><strong>tam</strong></span> <span class='ocrx_word' id='word_1_176' title='bbox 545 2365 597 2425; x_wconf 81' lang='lat' dir='ltr'><strong>(liu</strong></span> <span class='ocrx_word' id='word_1_177' title='bbox 619 2383 689 2426; x_wconf 87' lang='lat' dir='ltr'><strong>cum</strong></span> <span class='ocrx_word' id='word_1_178' title='bbox 716 2365 805 2446; x_wconf 93' lang='lat' dir='ltr'><strong>pulpa</strong></span> <span class='ocrx_word' id='word_1_179' title='bbox 828 2364 858 2426; x_wconf 90' lang='lat' dir='ltr'><strong>id</strong></span> <span class='ocrx_word' id='word_1_180' title='bbox 885 2372 932 2426; x_wconf 90' lang='lat' dir='ltr'><strong>est</strong></span> <span class='ocrx_word' id='word_1_181' title='bbox 957 2363 1042 2426; x_wconf 92' lang='lat' dir='ltr'><strong>molli</strong></span> <span class='ocrx_word' id='word_1_182' title='bbox 1068 2366 1147 2445; x_wconf 81' lang='lat' dir='ltr'><strong>penio</strong></span> 
     </span>
    </p>
   </div>
   <div class='ocr_carea' id='block_1_4' title="bbox 135 2516 1148 3582">
    <p class='ocr_par' dir='ltr' id='par_1_4' title="bbox 135 2516 1148 3582">
     <span class='ocr_line' id='line_1_26' title="bbox 212 2516 1146 2590; baseline -0.003 -16"><span class='ocrx_word' id='word_1_183' title='bbox 212 2527 226 2574; x_wconf 90' lang='lat'>1</span> <span class='ocrx_word' id='word_1_184' title='bbox 246 2519 344 2576; x_wconf 82' lang='lat' dir='ltr'><strong>adesse</strong></span> <span class='ocrx_word' id='word_1_185' title='bbox 362 2520 404 2575; x_wconf 81' lang='lat' dir='ltr'><strong>eit</strong></span> <span class='ocrx_word' id='word_1_186' title='bbox 417 2521 434 2576; x_wconf 88' lang='lat' dir='ltr'><strong>l.</strong></span> <span class='ocrx_word' id='word_1_187' title='bbox 451 2522 456 2589; x_wconf 79' lang='lat' dir='ltr'><strong>l</strong></span> <span class='ocrx_word' id='word_1_188' title='bbox 471 2519 508 2576; x_wconf 81' lang='lat' dir='ltr'><strong>is:</strong></span> <span class='ocrx_word' id='word_1_189' title='bbox 527 2519 571 2575; x_wconf 88' lang='lat' dir='ltr'><strong>his</strong></span> <span class='ocrx_word' id='word_1_190' title='bbox 582 2520 713 2590; x_wconf 63' lang='lat' dir='ltr'><strong>pomo).</strong></span> <span class='ocrx_word' id='word_1_191' title='bbox 760 2517 968 2588; x_wconf 71' lang='lat' dir='ltr'><strong>isoleinqolz</strong></span> <span class='ocrx_word' id='word_1_192' title='bbox 987 2517 1019 2573; x_wconf 86' lang='lat' dir='ltr'><strong>in</strong></span> <span class='ocrx_word' id='word_1_193' title='bbox 1032 2516 1146 2575; x_wconf 79' lang='lat' dir='ltr'><strong>soleri.</strong></span> 
     </span>
     <span class='ocr_line' id='line_1_27' title="bbox 173 2588 1116 2661; baseline -0.002 -16"><span class='ocrx_word' id='word_1_194' title='bbox 173 2590 408 2661; x_wconf 81' lang='lat' dir='ltr'><strong>3prodesseom.</strong></span> <span class='ocrx_word' id='word_1_195' title='bbox 428 2593 446 2646; x_wconf 86' lang='lat' dir='ltr'><strong>l.</strong></span> <span class='ocrx_word' id='word_1_196' title='bbox 510 2591 755 2660; x_wconf 72' lang='lat' dir='ltr'><strong>ladoeverelqo</strong></span> <span class='ocrx_word' id='word_1_197' title='bbox 780 2591 785 2658; x_wconf 87' lang='grc' dir='ltr'>Ι</span> <span class='ocrx_word' id='word_1_198' title='bbox 809 2589 908 2659; x_wconf 75' lang='lat' dir='ltr'><strong>inqo:</strong></span> <span class='ocrx_word' id='word_1_199' title='bbox 935 2588 1116 2659; x_wconf 62' lang='lat' dir='ltr'><strong>etius-ba).</strong></span> 
     </span>
     <span class='ocr_line' id='line_1_28' title="bbox 138 2660 1146 2732; baseline -0.002 -16"><span class='ocrx_word' id='word_1_200' title='bbox 138 2662 313 2717; x_wconf 75' lang='lat' dir='ltr'><strong>oslomechi</strong></span> <span class='ocrx_word' id='word_1_201' title='bbox 329 2663 396 2732; x_wconf 77' lang='lat' dir='ltr'><strong>pol:</strong></span> <span class='ocrx_word' id='word_1_202' title='bbox 415 2663 511 2718; x_wconf 76' lang='lat' dir='ltr'><strong>chum</strong></span> <span class='ocrx_word' id='word_1_203' title='bbox 528 2663 573 2718; x_wconf 85' lang='lat' dir='ltr'><strong>rb.</strong></span> <span class='ocrx_word' id='word_1_204' title='bbox 628 2660 1146 2723; x_wconf 73' lang='lat' dir='ltr'><strong>oPotestvoromrb.lmeiiennm</strong></span> 
     </span>
     <span class='ocr_line' id='line_1_29' title="bbox 136 2729 1146 2803; baseline -0.002 -17"><span class='ocrx_word' id='word_1_205' title='bbox 136 2733 228 2801; x_wconf 82' lang='lat' dir='ltr'><strong>1(rb):</strong></span> <span class='ocrx_word' id='word_1_206' title='bbox 251 2733 420 2787; x_wconf 68' lang='lat' dir='ltr'><strong>mellinum</strong></span> <span class='ocrx_word' id='word_1_207' title='bbox 436 2749 483 2803; x_wconf 77' lang='lat' dir='ltr'><strong>po.</strong></span> <span class='ocrx_word' id='word_1_208' title='bbox 543 2731 738 2787; x_wconf 75' lang='lat' dir='ltr'><strong>ireicientes:</strong></span> <span class='ocrx_word' id='word_1_209' title='bbox 762 2729 850 2785; x_wconf 75' lang='lat' dir='ltr'><strong>-bibus</strong></span> <span class='ocrx_word' id='word_1_210' title='bbox 867 2730 999 2800; x_wconf 74' lang='lat' dir='ltr'><strong>pol(rb).</strong></span> <span class='ocrx_word' id='word_1_211' title='bbox 1054 2736 1073 2787; x_wconf 86' lang='lat'><em>8</em></span> <span class='ocrx_word' id='word_1_212' title='bbox 1090 2730 1146 2786; x_wconf 78' lang='lat' dir='ltr'><strong>rub·</strong></span> 
     </span>
     <span class='ocr_line' id='line_1_30' title="bbox 139 2800 1147 2871; baseline 0 -15"><span class='ocrx_word' id='word_1_213' title='bbox 139 2803 234 2858; x_wconf 80' lang='lat' dir='ltr'><strong>levare</strong></span> <span class='ocrx_word' id='word_1_214' title='bbox 246 2804 313 2870; x_wconf 75' lang='lat' dir='ltr'><strong>pol:</strong></span> <span class='ocrx_word' id='word_1_215' title='bbox 331 2803 457 2858; x_wconf 84' lang='lat' dir='ltr'><strong>relevere</strong></span> <span class='ocrx_word' id='word_1_216' title='bbox 470 2804 516 2857; x_wconf 83' lang='lat' dir='ltr'><strong>rb.</strong></span> <span class='ocrx_word' id='word_1_217' title='bbox 563 2802 708 2858; x_wconf 73' lang='lat' dir='ltr'><strong>mumius</strong></span> <span class='ocrx_word' id='word_1_218' title='bbox 725 2800 886 2870; x_wconf 80' lang='lat' dir='ltr'><strong>(bumidnl)</strong></span> <span class='ocrx_word' id='word_1_219' title='bbox 902 2802 969 2871; x_wconf 76' lang='lat' dir='ltr'><strong>pol:</strong></span> <span class='ocrx_word' id='word_1_220' title='bbox 988 2802 1020 2856; x_wconf 77' lang='lat' dir='ltr'><strong>eb</strong></span> <span class='ocrx_word' id='word_1_221' title='bbox 1035 2800 1147 2856; x_wconf 75' lang='lat' dir='ltr'><strong>humide</strong></span> 
     </span>
     <span class='ocr_line' id='line_1_31' title="bbox 136 2871 1146 2942; baseline -0.001 -14"><span class='ocrx_word' id='word_1_222' title='bbox 136 2874 183 2929; x_wconf 82' lang='lat' dir='ltr'><strong>rb.</strong></span> <span class='ocrx_word' id='word_1_223' title='bbox 204 2877 209 2942; x_wconf 86' lang='grc' dir='ltr'>Ι</span> <span class='ocrx_word' id='word_1_224' title='bbox 233 2873 355 2926; x_wconf 78' lang='lat' dir='ltr'><strong>maxime</strong></span> <span class='ocrx_word' id='word_1_225' title='bbox 377 2889 412 2928; x_wconf 90' lang='lat' dir='ltr'><strong>ex</strong></span> <span class='ocrx_word' id='word_1_226' title='bbox 434 2889 516 2942; x_wconf 72' lang='lat' dir='ltr'><strong>eope</strong></span> <span class='ocrx_word' id='word_1_227' title='bbox 543 2889 577 2927; x_wconf 92' lang='lat' dir='ltr'><strong>ex</strong></span> <span class='ocrx_word' id='word_1_228' title='bbox 597 2889 631 2928; x_wconf 91' lang='lat' dir='ltr'><strong>eo</strong></span> <span class='ocrx_word' id='word_1_229' title='bbox 649 2872 769 2927; x_wconf 85' lang='lat' dir='ltr'><strong>maxime</strong></span> <span class='ocrx_word' id='word_1_230' title='bbox 786 2872 894 2942; x_wconf 81' lang='lat' dir='ltr'><strong>ol(rb).</strong></span> <span class='ocrx_word' id='word_1_231' title='bbox 958 2877 992 2926; x_wconf 74' lang='lat'><strong>12</strong></span> <span class='ocrx_word' id='word_1_232' title='bbox 1010 2871 1146 2927; x_wconf 77' lang='lat' dir='ltr'><strong>inmeoo·</strong></span> 
     </span>
     <span class='ocr_line' id='line_1_32' title="bbox 136 2938 1143 3012; baseline -0.001 -13"><span class='ocrx_word' id='word_1_233' title='bbox 136 2961 198 3000; x_wconf 88' lang='lat' dir='ltr'><strong>rem</strong></span> <span class='ocrx_word' id='word_1_234' title='bbox 214 2943 401 3012; x_wconf 62' lang='lat' dir='ltr'><strong>llammris:</strong></span> <span class='ocrx_word' id='word_1_235' title='bbox 419 2943 529 2998; x_wconf 76' lang='lat' dir='ltr'><strong>Hemta</strong></span> <span class='ocrx_word' id='word_1_236' title='bbox 546 2945 564 2998; x_wconf 87' lang='lat' dir='ltr'><strong>l.</strong></span> <span class='ocrx_word' id='word_1_237' title='bbox 612 2950 644 2999; x_wconf 79' lang='lat'><strong>13</strong></span> <span class='ocrx_word' id='word_1_238' title='bbox 663 2943 799 2999; x_wconf 78' lang='lat' dir='ltr'><strong>contrite:</strong></span> <span class='ocrx_word' id='word_1_239' title='bbox 820 2941 993 2998; x_wconf 72' lang='lat' dir='ltr'><strong>contrariol.</strong></span> <span class='ocrx_word' id='word_1_240' title='bbox 1039 2938 1143 2999; x_wconf 75' lang='lat' dir='ltr'><strong>loom·</strong></span> 
     </span>
     <span class='ocr_line' id='line_1_33' title="bbox 136 3012 1146 3084; baseline -0.001 -14"><span class='ocrx_word' id='word_1_241' title='bbox 136 3015 259 3072; x_wconf 82' lang='lat' dir='ltr'><strong>malibus</strong></span> <span class='ocrx_word' id='word_1_242' title='bbox 281 3012 395 3083; x_wconf 76' lang='lat' dir='ltr'><strong>optimis</strong></span> <span class='ocrx_word' id='word_1_243' title='bbox 422 3013 546 3083; x_wconf 76' lang='lat' dir='ltr'><strong>(obtimis</strong></span> <span class='ocrx_word' id='word_1_244' title='bbox 563 3017 592 3084; x_wconf 80' lang='lat'><strong>9)</strong></span> <span class='ocrx_word' id='word_1_245' title='bbox 615 3016 729 3084; x_wconf 74' lang='lat' dir='ltr'><strong>poto-⁸:</strong></span> <span class='ocrx_word' id='word_1_246' title='bbox 756 3030 807 3068; x_wconf 84' lang='lat' dir='ltr'><strong>om.</strong></span> <span class='ocrx_word' id='word_1_247' title='bbox 825 3014 870 3069; x_wconf 84' lang='lat' dir='ltr'><strong>rb.</strong></span> <span class='ocrx_word' id='word_1_248' title='bbox 901 3029 959 3082; x_wconf 80' lang='lat' dir='ltr'><strong>pro</strong></span> <span class='ocrx_word' id='word_1_249' title='bbox 980 3013 1146 3070; x_wconf 67' lang='lat' dir='ltr'><strong>animalium</strong></span> 
     </span>
     <span class='ocr_line' id='line_1_34' title="bbox 135 3083 1117 3155; baseline -0.001 -14"><span class='ocrx_word' id='word_1_250' title='bbox 135 3086 236 3155; x_wconf 70' lang='lat' dir='ltr'><strong>scripsi</strong></span> <span class='ocrx_word' id='word_1_251' title='bbox 259 3083 418 3141; x_wconf 77' lang='lat' dir='ltr'><strong>Manlimis.</strong></span> <span class='ocrx_word' id='word_1_252' title='bbox 491 3090 524 3138; x_wconf 78' lang='lat'><strong>17</strong></span> <span class='ocrx_word' id='word_1_253' title='bbox 546 3085 660 3142; x_wconf 85' lang='lat' dir='ltr'><strong>hedriee</strong></span> <span class='ocrx_word' id='word_1_254' title='bbox 687 3086 736 3141; x_wconf 86' lang='lat' dir='ltr'><strong>rb:</strong></span> <span class='ocrx_word' id='word_1_255' title='bbox 763 3084 874 3140; x_wconf 78' lang='lat' dir='ltr'><strong>nodrice</strong></span> <span class='ocrx_word' id='word_1_256' title='bbox 896 3085 946 3153; x_wconf 74' lang='lat' dir='ltr'><strong>ql,</strong></span> <span class='ocrx_word' id='word_1_257' title='bbox 974 3084 1071 3140; x_wconf 82' lang='lat' dir='ltr'><strong>edrioe</strong></span> <span class='ocrx_word' id='word_1_258' title='bbox 1092 3101 1117 3140; x_wconf 85' lang='lat' dir='ltr'><strong>o.</strong></span> 
     </span>
     <span class='ocr_line' id='line_1_35' title="bbox 139 3153 1145 3226; baseline -0.002 -15"><span class='ocrx_word' id='word_1_259' title='bbox 139 3163 173 3213; x_wconf 86' lang='lat'><strong>18</strong></span> <span class='ocrx_word' id='word_1_260' title='bbox 183 3156 343 3226; x_wconf 77' lang='lat' dir='ltr'><strong>etquepol:</strong></span> <span class='ocrx_word' id='word_1_261' title='bbox 358 3155 441 3210; x_wconf 83' lang='lat' dir='ltr'><strong>etrb.</strong></span> <span class='ocrx_word' id='word_1_262' title='bbox 457 3156 463 3224; x_wconf 93' lang='grc' dir='ltr'>Ι</span> <span class='ocrx_word' id='word_1_263' title='bbox 478 3155 619 3211; x_wconf 68' lang='lat' dir='ltr'><strong>emendis:</strong></span> <span class='ocrx_word' id='word_1_264' title='bbox 632 3155 756 3212; x_wconf 80' lang='lat' dir='ltr'><strong>intendis</strong></span> <span class='ocrx_word' id='word_1_265' title='bbox 765 3155 824 3223; x_wconf 81' lang='lat' dir='ltr'><strong>(sic)</strong></span> <span class='ocrx_word' id='word_1_266' title='bbox 837 3155 904 3225; x_wconf 71' lang='lat' dir='ltr'><strong>pol,</strong></span> <span class='ocrx_word' id='word_1_267' title='bbox 917 3155 949 3210; x_wconf 85' lang='lat' dir='ltr'><strong>io</strong></span> <span class='ocrx_word' id='word_1_268' title='bbox 961 3155 1095 3213; x_wconf 75' lang='lat' dir='ltr'><strong>verendis</strong></span> <span class='ocrx_word' id='word_1_269' title='bbox 1107 3153 1145 3210; x_wconf 79' lang='lat' dir='ltr'><strong>rb.</strong></span> 
     </span>
     <span class='ocr_line' id='line_1_36' title="bbox 164 3225 1146 3297; baseline 0.002 -15"><span class='ocrx_word' id='word_1_270' title='bbox 164 3232 199 3283; x_wconf 77' lang='lat'><strong>19</strong></span> <span class='ocrx_word' id='word_1_271' title='bbox 226 3226 374 3282; x_wconf 71' lang='lat' dir='ltr'><strong>cacoethes</strong></span> <span class='ocrx_word' id='word_1_272' title='bbox 396 3241 455 3296; x_wconf 80' lang='lat' dir='ltr'><strong>epo:</strong></span> <span class='ocrx_word' id='word_1_273' title='bbox 482 3226 620 3282; x_wconf 83' lang='lat' dir='ltr'><strong>exeoodas</strong></span> <span class='ocrx_word' id='word_1_274' title='bbox 642 3229 703 3296; x_wconf 78' lang='lat' dir='ltr'><strong>(sic)</strong></span> <span class='ocrx_word' id='word_1_275' title='bbox 724 3226 848 3297; x_wconf 58' lang='lat' dir='ltr'><strong>siml</strong></span> <span class='ocrx_word' id='word_1_276' title='bbox 909 3225 1070 3284; x_wconf 70' lang='lat' dir='ltr'><strong>uocauere</strong></span> <span class='ocrx_word' id='word_1_277' title='bbox 1091 3238 1146 3297; x_wconf 71' lang='lat'><strong>0902</strong></span> 
     </span>
     <span class='ocr_line' id='line_1_37' title="bbox 136 3295 1145 3369; baseline -0.005 -15"><span class='ocrx_word' id='word_1_278' title='bbox 136 3297 374 3367; x_wconf 81' lang='lat' dir='ltr'><strong>col(ceul)culose</strong></span> <span class='ocrx_word' id='word_1_279' title='bbox 394 3297 498 3366; x_wconf 77' lang='lat' dir='ltr'><strong>qoleb.</strong></span> <span class='ocrx_word' id='word_1_280' title='bbox 521 3297 525 3367; x_wconf 79' lang='lat' dir='ltr'><strong>l</strong></span> <span class='ocrx_word' id='word_1_281' title='bbox 554 3298 708 3353; x_wconf 85' lang='lat' dir='ltr'><strong>excreverit</strong></span> <span class='ocrx_word' id='word_1_282' title='bbox 730 3298 797 3368; x_wconf 75' lang='lat' dir='ltr'><strong>pol:</strong></span> <span class='ocrx_word' id='word_1_283' title='bbox 830 3296 885 3352; x_wconf 76' lang='lat' dir='ltr'><strong>-uit</strong></span> <span class='ocrx_word' id='word_1_284' title='bbox 905 3298 951 3352; x_wconf 84' lang='lat' dir='ltr'><strong>rb.</strong></span> <span class='ocrx_word' id='word_1_285' title='bbox 977 3299 982 3364; x_wconf 87' lang='grc' dir='ltr'>Ι</span> <span class='ocrx_word' id='word_1_286' title='bbox 1007 3297 1068 3353; x_wconf 83' lang='lat' dir='ltr'><strong>eius</strong></span> <span class='ocrx_word' id='word_1_287' title='bbox 1084 3295 1145 3369; x_wconf 76' lang='lat' dir='ltr'><strong>pol:</strong></span> 
     </span>
     <span class='ocr_line' id='line_1_38' title="bbox 136 3366 1146 3451; baseline 0.001 -27"><span class='ocrx_word' id='word_1_288' title='bbox 136 3369 216 3424; x_wconf 87' lang='lat' dir='ltr'><strong>cuius</strong></span> <span class='ocrx_word' id='word_1_289' title='bbox 225 3368 270 3423; x_wconf 82' lang='lat' dir='ltr'><strong>rb.</strong></span> <span class='ocrx_word' id='word_1_290' title='bbox 302 3373 337 3421; x_wconf 92' lang='grc'><strong>22</strong></span> <span class='ocrx_word' id='word_1_291' title='bbox 347 3366 478 3438; x_wconf 83' lang='lat' dir='ltr'><strong>ponderis</strong></span> <span class='ocrx_word' id='word_1_292' title='bbox 486 3368 553 3437; x_wconf 77' lang='lat' dir='ltr'><strong>pol:</strong></span> <span class='ocrx_word' id='word_1_293' title='bbox 568 3385 610 3424; x_wconf 88' lang='lat' dir='ltr'><strong>·re</strong></span> <span class='ocrx_word' id='word_1_294' title='bbox 619 3370 664 3424; x_wconf 86' lang='lat' dir='ltr'><strong>rb.</strong></span> <span class='ocrx_word' id='word_1_295' title='bbox 702 3375 735 3424; x_wconf 81' lang='grc'><strong>23</strong></span> <span class='ocrx_word' id='word_1_296' title='bbox 746 3372 782 3425; x_wconf 71' lang='lat' dir='ltr'><strong>ib.</strong></span> <span class='ocrx_word' id='word_1_297' title='bbox 793 3388 822 3424; x_wconf 86' lang='lat' dir='ltr'><strong>vr</strong></span> <span class='ocrx_word' id='word_1_298' title='bbox 830 3384 881 3438; x_wconf 77' lang='lat' dir='ltr'><strong>qo:</strong></span> <span class='ocrx_word' id='word_1_299' title='bbox 891 3367 1091 3451; x_wconf 82' lang='lat' dir='ltr'><strong>scrupulisaex</strong></span> <span class='ocrx_word' id='word_1_300' title='bbox 1101 3366 1146 3436; x_wconf 62' lang='grc' dir='ltr'><strong>Μ,</strong></span> 
     </span>
     <span class='ocr_line' id='line_1_39' title="bbox 135 3437 1148 3511; baseline -0.003 -17"><span class='ocrx_word' id='word_1_301' title='bbox 135 3439 259 3510; x_wconf 79' lang='lat' dir='ltr'><strong>oerypuli</strong></span> <span class='ocrx_word' id='word_1_302' title='bbox 271 3459 309 3495; x_wconf 85' lang='lat' dir='ltr'><strong>vr.</strong></span> <span class='ocrx_word' id='word_1_303' title='bbox 322 3439 357 3506; x_wconf 84' lang='lat' dir='ltr'><strong>r).</strong></span> <span class='ocrx_word' id='word_1_304' title='bbox 398 3443 434 3492; x_wconf 81' lang='grc'><strong>24</strong></span> <span class='ocrx_word' id='word_1_305' title='bbox 450 3438 531 3494; x_wconf 92' lang='lat' dir='ltr'><strong>molli</strong></span> <span class='ocrx_word' id='word_1_306' title='bbox 548 3439 629 3507; x_wconf 85' lang='lat' dir='ltr'><strong>penis</strong></span> <span class='ocrx_word' id='word_1_307' title='bbox 643 3443 693 3495; x_wconf 77' lang='lat' dir='ltr'><strong>out</strong></span> <span class='ocrx_word' id='word_1_308' title='bbox 710 3455 797 3511; x_wconf 83' lang='lat' dir='ltr'><strong>epyro</strong></span> <span class='ocrx_word' id='word_1_309' title='bbox 811 3453 870 3508; x_wconf 68' lang='lat' dir='ltr'><strong>epos</strong></span> <span class='ocrx_word' id='word_1_310' title='bbox 889 3437 984 3494; x_wconf 78' lang='lat' dir='ltr'><strong>mollis</strong></span> <span class='ocrx_word' id='word_1_311' title='bbox 999 3439 1084 3509; x_wconf 81' lang='lat' dir='ltr'><strong>panis</strong></span> <span class='ocrx_word' id='word_1_312' title='bbox 1101 3438 1148 3493; x_wconf 79' lang='lat' dir='ltr'><strong>eol</strong></span> 
     </span>
     <span class='ocr_line' id='line_1_40' title="bbox 137 3509 1146 3582; baseline -0.004 -16"><span class='ocrx_word' id='word_1_313' title='bbox 137 3511 220 3580; x_wconf 80' lang='lat' dir='ltr'><strong>opyri</strong></span> <span class='ocrx_word' id='word_1_314' title='bbox 237 3509 321 3580; x_wconf 90' lang='lat' dir='ltr'><strong>(opiri</strong></span> <span class='ocrx_word' id='word_1_315' title='bbox 333 3510 376 3579; x_wconf 85' lang='lat' dir='ltr'><strong>ol)</strong></span> <span class='ocrx_word' id='word_1_316' title='bbox 393 3509 459 3579; x_wconf 79' lang='lat' dir='ltr'><strong>pol,</strong></span> <span class='ocrx_word' id='word_1_317' title='bbox 477 3509 558 3565; x_wconf 91' lang='lat' dir='ltr'><strong>molli</strong></span> <span class='ocrx_word' id='word_1_318' title='bbox 575 3527 662 3581; x_wconf 86' lang='lat' dir='ltr'><strong>pene,</strong></span> <span class='ocrx_word' id='word_1_319' title='bbox 681 3515 710 3565; x_wconf 83' lang='lat' dir='ltr'><strong>et</strong></span> <span class='ocrx_word' id='word_1_320' title='bbox 727 3509 849 3580; x_wconf 83' lang='lat' dir='ltr'><strong>tineperi</strong></span> <span class='ocrx_word' id='word_1_321' title='bbox 866 3511 907 3578; x_wconf 84' lang='lat' dir='ltr'><strong>(et</strong></span> <span class='ocrx_word' id='word_1_322' title='bbox 923 3509 1048 3581; x_wconf 78' lang='lat' dir='ltr'><strong>limpor-i</strong></span> <span class='ocrx_word' id='word_1_323' title='bbox 1059 3514 1086 3582; x_wconf 84' lang='lat' dir='ltr'><strong>r)</strong></span> <span class='ocrx_word' id='word_1_324' title='bbox 1104 3509 1146 3566; x_wconf 84' lang='lat' dir='ltr'><strong>rb.</strong></span> 
     </span>
    </p>
   </div>
   <div class='ocr_carea' id='block_1_5' title="bbox 0 0 1200 3856">
    <p class='ocr_par' dir='ltr' id='par_1_5' title="bbox 0 0 1200 3856">
     <span class='ocr_line' id='line_1_41' title="bbox 0 0 1200 3856; baseline 0 1"><span class='ocrx_word' id='word_1_325' title='bbox 0 0 1200 3856; x_wconf 95' lang='lat' dir='ltr'><strong> </strong></span> 
     </span>
    </p>
   </div>
  </div>
 </body>
</html>
