2392 3856
451 215 692 282 -159-

133 420 238 476 m.
261 420 310 477 Dc
333 419 494 477 ienloulo.
983 485 999 533 2
1001 409 1072 546 01:5⁶·

133 536 262 599 Calidam
285 539 345 599 vim
366 537 496 600 ienioulo
519 540 639 600 insitam
657 555 717 598 non
740 545 840 599 tamen
863 536 972 619 simpli·
1005 555 1048 606 oo.

61 644 133 689 cem
154 625 209 687 sed
227 627 385 689 caiatiam
402 629 561 689 austeritas
579 628 670 689 mixta
688 627 729 687 sit
750 634 856 705 gntus
874 634 973 689 osten·
992 637 1066 707 (Get,

61 714 122 797 dit,
150 723 182 777 et
209 710 303 777 multa
328 723 484 796 praeterea
510 734 565 796 per
592 733 667 795 quae
695 712 742 775 rel
768 713 901 775 solvendi
927 712 974 775 rel
1005 720 1049 768 11,

61 802 247 865 extenuandi
273 801 320 865 rel
346 805 435 866 etiam
462 803 593 865 siccandi
620 804 759 885 exprimit
787 810 973 883 potestatem.
992 782 1063 849 ml·

35 891 208 954 ‘traditum
230 893 263 955 in
288 890 373 953 libris
396 900 427 953 et
454 900 610 973 serpentes
637 909 765 953 annuam
789 899 974 954 senectutem

11 1022 15 1047 .
62 978 189 1043 ienlculi
217 983 384 1059 gustatione
408 979 558 1060 deponere
582 988 612 1042 et
638 979 795 1042 oculorum
817 979 974 1060 caliginem

63 1086 139 1131 auco
162 1071 229 1130 eius
251 1066 424 1130 excludere:
454 1069 532 1130 unde
559 1069 690 1149 intellegi
717 1068 820 1131 datum
842 1076 889 1130 est
910 1086 972 1129 eas·

11 1178 13 1233 3
62 1156 134 1219 &m
155 1158 284 1217 virtutes
306 1164 337 1218 et
355 1156 535 1237 corporibus
552 1157 690 1218 humanis
708 1158 797 1219 utiles
814 1174 895 1240 esse,
917 1159 973 1218 sic-

11 1254 13 1263 '
63 1246 110 1307 nil
132 1253 240 1325 postea
262 1247 465 1325 experimenta
487 1245 664 1308 docuerunt
698 1264 789 1307 sucus
811 1263 884 1326 ergo
902 1263 972 1307 cunr

35 1332 155 1397 mlle
187 1335 278 1395 attico
309 1336 420 1397 mixtus
457 1336 688 1396 vetustissimam
718 1333 789 1395 licet
816 1333 972 1412 caliginem

66 1420 199 1487 &aaut
235 1421 359 1485 auribus
386 1422 555 1503 purulentis
576 1421 657 1484 idem
679 1439 772 1483 sucus
794 1420 972 1484 infunditur.

65 1509 246 1573 mmmdcc
267 1513 358 1573 etiam
379 1514 432 1590 qui
459 1513 489 1572 in
516 1512 612 1573 isdem
635 1519 800 1573 nascuntur
821 1509 972 1571 interilcit

66 1598 151 1663 radix
168 1600 201 1661 ln
218 1601 334 1680 ptisana
348 1599 415 1661 data
433 1600 509 1661 laxat
522 1618 630 1661 renum
647 1598 833 1663 densitatem.
865 1597 972 1678 hydro-

68 1689 142 1769 picis
169 1706 206 1748 er
234 1690 303 1750 vino
330 1688 396 1750 data
423 1690 582 1750 succurrit.
625 1696 743 1749 veretro
770 1685 972 1748 laborantibus

69 1792 103 1839 ex
120 1778 191 1838 vino
209 1784 293 1837 cocta
317 1776 481 1839 lomentum
503 1794 648 1856 perquam
666 1776 738 1838 utile
757 1775 972 1839 subministrat

44 1864 129 1947 'inca
152 1882 223 1926 cum
245 1864 311 1926 oleo
334 1867 405 1927 trita
422 1864 520 1926 eidem
538 1882 644 1926 causae
663 1863 807 1926 medetur.
839 1871 973 1924 tumores

69 1962 96 2016 et
109 1970 188 2034 quae
205 1955 267 2014 ictu
281 1953 326 2014 rel
348 1955 502 2034 repentina
516 1953 718 2032 indignatione
737 1959 884 2013 commota
901 1958 973 2012 sunt

68 2040 134 2103 lolia
157 2059 195 2102 ex
218 2050 301 2103 aceto
321 2044 390 2103 trita
413 2041 586 2103 dissolvunt
620 2041 777 2102 adversum
794 2042 873 2102 ictus
892 2057 971 2103 scor·

128 2254 287 2313 Feniculum
312 2253 425 2312 calidam
448 2255 574 2311 virtutem
602 2253 683 2312 habet
704 2255 827 2327 insitam,
853 2268 908 2310 non
932 2261 970 2309 ta·
990 2257 1046 2323 (ti)

10 2336 129 2413 ,ἢκ
153 2339 303 2414 simplicem
330 2338 378 2396 sed
403 2340 448 2395 cul
473 2339 554 2395 etiam
581 2339 732 2396 austeritaa'
754 2339 836 2394 mixta
862 2338 913 2410 sit,
942 2344 973 2393 nt

71 2431 165 2496 gut·
187 2423 309 2481 ostendit
330 2431 358 2479 et
380 2421 464 2478 muita
492 2431 630 2496 praeterea
651 2438 701 2497 per
722 2438 793 2496 quae
814 2420 923 2477 eluendi
944 2428 973 2475 et

72 2507 230 2567 extundi
250 2507 292 2564 vei
315 2508 397 2565 etiam
416 2506 567 2564 desiccandi
589 2505 671 2562 habet
691 2512 865 2579 potestatem.
907 2518 972 2561 ocu·

66 2588 155 2649 iorum
181 2591 293 2648 vulnera
320 2600 348 2648 et
373 2591 513 2648 cicatrices
541 2598 627 2646 curat.
669 2590 729 2646 ancl
756 2587 885 2645 loliorum
911 2587 972 2642 eins

63 2682 158 2750 partu
180 2674 248 2733 duas
270 2675 357 2735 meilis
379 2675 473 2749 acapni
493 2680 597 2750 panem
613 2689 693 2730 unam
707 2671 788 2730 dmui
809 2672 922 2728 misceto
944 2678 974 2725 et

10 2748 48 2799 '²⁸
62 2758 190 2837 tepidum
211 2759 298 2819 oculis
318 2759 477 2817 infundito„
501 2757 590 2816 radice
612 2759 671 2816 eius
692 2758 721 2815 in
743 2773 810 2832 aqua
833 2763 910 2813 cocta
932 2753 973 2811 lo·

24 2868 32 2883 ·
61 2852 127 2903 veto
149 2843 326 2920 callginames
349 2843 451 2903 oculos.
488 2860 583 2902 sucum
605 2845 664 2900 eius
685 2841 798 2899 iniunde
819 2842 848 2897 in
870 2841 973 2897 aurium

136 3064 180 3119 tit.
199 3083 280 3119 uun
292 3080 311 3133 9
329 3066 365 3132 (ci
382 3064 422 3118 os'c
439 3065 520 3119 etiam
537 3067 573 3134 o).
619 3063 736 3118 tetiam
755 3063 829 3132 (etl)
848 3059 997 3116 amteritaa
1013 3059 1080 3128 goi:

59 3132 605 3205 autemeamro.tmixteeet=
632 3133 824 3190 admixtarb.
895 3128 1080 3187 nundum

59 3204 130 3275 goia
153 3202 346 3277 &aditumque
364 3205 408 3261 rb.
429 3207 434 3274 Ι
458 3205 488 3261 in
506 3204 586 3261 libris
604 3205 651 3274 (ao.
671 3205 764 3261 Pla’aac‘a’
781 3204 941 3274 wilda).
996 3207 1011 3255 7
1031 3199 1079 3256 da·

59 3274 293 3333 malinii.
348 3272 1043 3346 dhnmaniagol:om.rb.lulilego.leionti.

61 3352 80 3400 o
98 3345 259 3405 domu-unt
274 3348 341 3418 (ei)
357 3363 409 3417 go:
427 3347 547 3403 docuere
563 3348 649 3418 rid).
671 3351 675 3416 Ι
696 3363 763 3418 ergo
781 3345 846 3416 gol:
870 3361 938 3416 ergo
956 3342 1016 3399 eina
1034 3340 1079 3396 rb.

100 3422 136 3473 tt
159 3413 264 3475 Mem:
290 3416 401 3474 hisdem
417 3418 552 3542 goldo).
623 3425 655 3474 aa
678 3417 772 3474 in'eana
792 3432 831 3487 go
859 3417 969 3542 (igauna
990 3414 1025 3484 r).

65 3493 101 3543 14
118 3486 413 3561 ‹hiogspoleoitr
434 3488 615 3558 tiverono
632 3490 699 3560 goi:
721 3488 906 3545 Veternor.
971 3491 1004 3540 1⁶
1022 3499 1080 3539 me·

64 3557 169 3617 tlontur
184 3574 212 3631 9.
267 3565 301 3617 tt
318 3558 458 3616 Adversus
476 3560 494 3614 i.
