2392 3856
500 100 720 163 -pp-

53 212 61 237 1

53 293 83 356 ‚p
132 268 227 323 mdes:
257 262 336 342 pisas
364 280 433 322 cum
456 261 516 323 sale
547 272 577 324 et
603 262 729 343 pedibus
756 269 851 344 ponis.
879 271 894 304 ¹⁸
918 270 978 336 (om.
998 271 1023 338 r)

53 364 78 426 aa
127 346 273 412 lenticulam
314 353 437 432 coquis,
482 353 556 412 teris
597 352 720 414 adiectis
756 352 852 415 mollis
879 362 894 394 *
918 357 978 427 (om.
998 359 1023 425 r)

53 472 74 514 p
125 437 286 500 coelestibus
310 439 408 501 tribus
431 439 609 520 etpedibus
633 445 769 522 imponis.
801 462 850 503 ur·
879 454 966 518 sote.

53 562 62 593 l
120 529 167 589 tiss
186 530 253 590 tn'ta
276 547 345 589 cum
368 526 572 590 columbarum
596 535 738 610 sanguine
762 549 851 610 appo-

88 618 194 678 'susm
229 616 315 698 adipe
338 617 423 679 vituli
442 621 549 679 marini
570 620 661 698 pedes
679 638 850 700 pemngun·
879 632 984 695 32‚110.

118 714 166 787 tm,
181 708 267 767 cuius
281 715 313 768 et
332 705 460 786 pellibus
475 706 592 769 calciari
607 710 734 788 expedit.
761 728 849 770 ranae
879 713 1006 783 (32,111.)

121 797 253 873 micae
283 794 448 875 discerptae
477 795 602 858 subinde
633 807 769 858 recentes
797 800 850 858 im·

121 892 263 961 punitur.
302 883 373 944 lenit
397 893 427 945 et
454 883 591 964 plantago
620 905 687 946 cum
716 889 850 965 axungia.
879 889 1006 959 (tuton)

114 968 191 1033 hus
221 974 377 1052 aquaticus
407 991 477 1034 cum
509 972 574 1034 oleo
603 974 744 1036 subactus
776 978 850 1035 mire
878 977 1007 1048 (actos)

77 1059 233 1140 »podest
269 1064 374 1122 ursino
397 1063 496 1144 adipe,
519 1065 636 1126 taurino
658 1083 741 1146 seso,
764 1082 850 1125 cenae
879 1074 984 1137 18919.

103 1151 167 1229 pari
198 1149 331 1229 pondere
364 1150 496 1211 decoctis
528 1160 662 1212 uttmtur.
707 1151 852 1212 bubulum
914 1154 951 1208 ib.

103 1239 207 1300 dmum
233 1255 303 1299 cum
330 1241 406 1299 aceti
437 1240 517 1300 laece
551 1240 747 1317 magnificant.
791 1239 852 1298 dmi
880 1246 984 1313 18310.

53 1380 57 1391 .
101 1328 217 1407 caprini
245 1329 320 1387 cinis
348 1345 416 1387 cum
444 1330 569 1407 axungia
593 1337 692 1387 vetere
720 1326 852 1406 prodest.

53 1398 56 1485 ἶ
168 1414 245 1476 Cum
260 1423 359 1475 autem
377 1415 515 1495 pluribus
530 1414 754 1495 malagmatibus
768 1425 852 1476 utan·
924 1420 939 1452 *

60 1513 152 1567 sstur
181 1505 210 1563 ei
243 1505 294 1582 qui
326 1503 382 1564 boc
410 1504 486 1564 malo
519 1504 653 1565 laborant
683 1514 772 1584 prom
804 1505 853 1565 illa

53 1612 55 1663 ζ
98 1591 182 1673 apud
197 1609 439 1672 unumquemque
455 1595 641 1654 commendat
659 1597 853 1655 monstrantis

53 1706 58 1713 ·
97 1683 279 1762 auctoritas,
310 1699 418 1760 ponam
447 1685 690 1761 compositionem
724 1682 760 1741 de
795 1700 852 1760 quia

53 1724 57 1809 ι
97 1787 193 1832 nemo
215 1771 267 1848 qui
290 1787 363 1830 usus
382 1778 428 1830 est
447 1779 571 1848 questus
591 1779 645 1831 est.
682 1772 757 1849 picis
780 1768 852 1829 brit:

98 1862 161 1921 tiae
193 1860 298 1918 unciae
321 1872 345 1918 v
368 1867 399 1919 et
426 1859 550 1938 scripuli
574 1873 639 1940 vn,
667 1876 753 1918 cenae
781 1875 853 1936 pon·

60 1950 180 2009 uticae
199 1945 388 2028 tantundem,
411 1949 527 2008 resinae
547 1949 649 2008 frictae
669 1946 853 2028 tantundem,

101 2034 221 2114 galbani
245 2034 264 2088 b
287 2049 338 2117 x1,
361 2038 536 2096 ammoniaci
560 2038 723 2097 semuncia:
755 2038 854 2097 omnia

103 2124 177 2185 baec
196 2125 228 2183 in
243 2122 350 2183 cacabo
369 2142 445 2183 novo
465 2134 696 2206 componuntur,
720 2143 852 2203 coquun-

101 2221 152 2273 tur
167 2211 205 2272 ad
215 2229 307 2271 unum
323 2213 439 2272 fervore
449 2212 535 2273 bono.
557 2215 588 2273 in
599 2215 740 2274 mortario
754 2221 853 2273 autem

100 2309 245 2363 teruntur
271 2298 357 2361 baec:
389 2299 515 2361 enlonbii
539 2304 626 2361 nimia
646 2316 672 2383 1,
695 2302 853 2378 stypterias

176 2488 255 2543 lsic
277 2489 347 2557 pdb.
416 2487 608 2544 2Lenticlsm
630 2502 656 2555 9.
678 2487 682 2553 Ι
708 2483 1121 2554 coquesieres...inponesd

102 2560 150 2628 (·is
190 2561 210 2628 ).
276 2557 388 2614 ticuius
407 2563 436 2614 ei
457 2560 496 2629 91)
516 2557 596 2627 (Pl.):
626 2555 811 2627 occlusti}
856 2555 957 2612 ellibus
982 2556 1021 2613 db
1036 2555 1121 2626 (Pi.)=

100 2575 222 2700 pontius
239 2646 265 2700 9.
321 2630 549 2700 iimponuntur:
567 2644 603 2684 sc.
623 2628 659 2682 ad
676 2626 810 2683 articulos
858 2629 875 2683 l.
940 2634 974 2684 10
992 2629 1120 2699 prodesse

101 2716 137 2760 sc.
155 2700 225 2756 talis
243 2700 418 2756 tumentibus
438 2701 483 2757 Pl.
510 2703 514 2768 Ι
539 2716 603 2755 cum
622 2715 702 2754 cerae
720 2717 747 2769 p.
766 2716 793 2768 p.
812 2700 858 2754 rb.
923 2705 955 2755 11
976 2699 1075 2756 bubuli
1093 2701 1120 2755 d.

138 2777 173 2826 1⁶
197 2769 238 2826 sis
265 2771 295 2825 hi
318 2772 408 2841 pdrb.
487 2776 520 2825 16
548 2774 634 2840 uniq3
657 2771 684 2826 d.
709 2772 713 2840 1
738 2770 919 2826 monstrantis
941 2772 1015 2841 prb:
1043 2787 1120 2835 mon-

83 2843 194 2907 ‚struis
216 2843 243 2898 d.
330 2849 364 2897 17
387 2843 459 2896 lianc
482 2842 699 2912 compositionem
723 2857 780 2897 non
801 2843 945 2912 suscripsit
969 2838 1122 2896 Marcellus

104 2915 167 2983 (sed.
191 2912 226 2980 cf.
246 2914 360 2968 similem
373 2930 405 2984 p.
425 2912 524 2982 stile).
581 2916 613 2968 18
632 2912 747 2968 brittise
765 2930 795 2983 ps
813 2912 901 2968 bricio
924 2912 943 2968 d
962 2911 1068 2982 (brolia
1085 2911 1121 2982 b).

154 2991 187 3040 19
211 2983 310 3039 uncias
333 3001 406 3054 .ν.9
434 2982 566 3054 (quinque
585 2986 651 3055 dm),
669 2995 740 3043 ὸν.
760 2987 791 3054 d,
810 2984 905 3040 uncias
925 3000 973 3040 sex
991 2985 1034 3041 rb.
1059 2986 1063 3052 Ι
1093 2985 1122 3039 eb

104 3090 219 3162 scripuli
237 3111 286 3148 vn.
305 3093 365 3162 (sic)
383 3106 413 3161 9,
434 3091 463 3145 ei
481 3067 536 3169 sip.
560 3110 608 3146 vn.
632 3092 652 3146 d
674 3093 714 3159 (si
732 3091 876 3160 scrupulos
900 3093 1008 3161 septem
1032 3091 1067 3161 b).

106 3162 246 3218 loirixse
264 3178 287 3218 r.
338 3161 1122 3234 21ax1p,3(sive3etsicsemper)11d:scry(u)pu·

105 3230 146 3288 los
162 3253 193 3289 11
212 3233 257 3288 rb.
279 3235 283 3300 Ι
308 3232 479 3288 semunciam
501 3249 532 3303 9,
560 3231 740 3288 semiunciam
767 3233 856 3301 p⁶db
920 3237 954 3284 23
981 3231 1120 3284 fervorem

106 3301 209 3359 bonum
235 3304 325 3374 pdrb.
417 3310 451 3358 24
479 3303 724 3388 Sypieriaescistes
751 3319 781 3372 9,
816 3301 932 3371 sipierie
961 3299 1073 3354 escisbes
1093 3298 1122 3382 ,d

109 3373 263 3500 (w
288 3377 394 3445 scyslos
417 3377 468 3444 rb,
499 3374 631 3443 espissiae
655 3391 690 3428 sc.
715 3374 772 3442 bm).
809 3388 896 3440 sttpra
924 3370 1004 3425 ccidit
1029 3381 1061 3441 9ο
1091 3369 1122 3425 sd

53 3482 55 3491 .
110 3449 150 3500 esi
195 3461 288 3500 umen.
