2392 3856
29 3028 31 3032 ⁸
129 3009 265 3070 didiasant
286 3011 313 3065 d.
339 3011 343 3079 1
371 3009 477 3066 Verum
500 3010 607 3068 curatio
630 3012 689 3068 eius
712 3012 755 3068 ita
777 3030 838 3085 exp.
857 3029 881 3068 a.
905 3014 932 3068 d.
1013 3018 1048 3068 19
1071 3002 1194 3070 inue'

525 176 743 241 ...40-
1137 194 1194 323 Ξ

393 338 474 402 hunc
498 338 637 400 morbum
655 337 739 399 alunt
761 333 928 399 sustinendi
953 334 1046 397 arunt
1068 326 1150 400 otiu
1191 378 1194 441 Ξ

393 430 486 490 firmis
507 435 538 489 ot
560 427 731 509 glutinosis,
754 425 857 487 avibus
874 423 1050 506 pinguibus,
1074 443 1149 505 ope·
1192 460 1194 467 ·

290 577 297 596 ,
394 516 478 579 ribus
505 517 639 596 pistoriis
666 516 734 596 plus
762 532 857 594 aequo
884 513 1016 594 mellitis,
1052 521 1151 593 prout

392 609 544 686 patientur
568 603 731 664 facultates.

278 705 365 768 copo.
458 692 610 753 Vomicam
633 701 715 752 sanat
737 692 875 770 privatim
897 688 927 750 id
946 689 1004 749 mel
1026 691 1060 750 in
1083 690 1194 773 quot.¹

305 787 321 820 *
350 845 354 851 ,
394 785 455 843 sint
476 798 547 861 apes
570 780 750 841 demortuae.
787 779 824 839 ad
847 778 927 839 hunc
945 785 1046 839 autem
1064 794 1149 840 mor·
1192 782 1194 823 ῑ

128 873 234 942 (Marc.
248 890 279 943 p.
296 873 366 941 125.)
394 869 467 930 bum
494 868 564 929 lacit
591 868 810 948 optime'potio
838 866 925 927 haec:
957 882 1047 926 ovum
1075 882 1148 943 cru·
1189 876 1194 937 ιζ

394 956 466 1019 dum
493 959 525 1017 in
552 974 622 1016 vaso
650 956 798 1036 tunditur,
828 963 970 1034 putamen
1002 956 1071 1015 eius
1097 972 1148 1016 rc·
1182 1002 1191 1031 .-

394 1045 495 1126 pletur
523 1062 595 1106 suco
626 1043 771 1106 marrubii
803 1051 892 1121 atque
919 1044 950 1102 in
981 1041 1063 1102 idam
1093 1060 1148 1104 vas

395 1136 535 1215 coicitur,
565 1136 637 1194 item
668 1131 802 1213 repletur
833 1129 920 1191 melle
948 1138 979 1192 et
1005 1129 1147 1190 similiter
1160 1140 1194 1185 n.

395 1222 438 1284 ihi
464 1221 604 1303 adicitur,
641 1229 671 1283 et
701 1224 743 1282 ita
769 1222 915 1300 permixta
943 1217 1144 1297 calefactaque

396 1311 432 1371 ad
455 1319 590 1391 teporem
612 1309 685 1370 haec
704 1310 808 1371 hausta
827 1310 972 1369 vomicam
989 1315 1148 1390 rumpunt,

395 1407 538 1480 purgant,
561 1401 597 1461 ad
621 1401 777 1461 sanitatem
798 1398 976 1478 perducunt.

463 1488 548 1550 Multi
570 1488 678 1549 medici
701 1506 733 1549 se
756 1487 888 1550 medicos
906 1485 1065 1550 adversum
1086 1485 1151 1547 hoc
1191 1516 1194 1559 t

396 1577 506 1637 malum
528 1594 589 1637 non
611 1579 775 1638 inveniunt.
812 1595 867 1657 ego
887 1583 969 1638 certe
988 1577 1051 1636 scio
1074 1586 1184 1636 raross

397 1682 576 1745 quemquam
598 1664 668 1724 hnic
690 1667 769 1744 pesti
795 1674 933 1745 ereptum
956 1666 1064 1743 quise
1086 1663 1150 1726 illis
1191 1734 1194 1755 Ι

396 1752 581 1814 credidisset.
613 1771 717 1814 verum
736 1756 775 1815 ita
790 1756 905 1814 curatio
924 1755 990 1815 eius
1007 1752 1150 1832 expedita
1190 1758 1194 1825 J

396 1849 443 1902 est
479 1848 514 1902 ut
550 1844 639 1903 ctiam
670 1841 768 1903 hiemo
804 1844 967 1921 asperrima
1003 1839 1150 1918 explicari
1192 1904 1194 1911 ,

395 1931 491 2009 possit
499 1932 579 1990 intra
588 1929 667 1991 diem
682 1929 949 2011 quadragesimum,
962 1946 1032 1990 vere
1045 1935 1150 1990 autem

395 2017 442 2078 vel
465 2026 576 2079 aestate
595 2017 731 2079 breviore
751 2025 895 2097 tempore.
932 2017 1023 2096 aliqui
1044 2023 1150 2079 tamon
1161 2018 1194 2071 ¹⁸²

309 2109 324 2143 *
397 2107 492 2166 curati
514 2113 585 2166 sunt
606 2107 685 2166 intra
711 2106 901 2184 praefinitum
923 2113 1042 2185 tempus
1066 2121 1149 2167 com·

201 2193 306 2263 (Marc.
320 2196 368 2264 ib.)
396 2194 544 2272 positione
568 2210 603 2253 ea
631 2211 706 2271 quae
733 2193 811 2254 inira
838 2196 949 2273 scripta
972 2201 1031 2255 cst:
1063 2210 1148 2255 man·
1175 2256 1179 2263 ,

397 2280 540 2359 dragorae
557 2280 728 2360 hyoscyami
746 2283 805 2362 opii
826 2284 905 2344 turis
923 2282 1005 2343 croci
1026 2279 1148 2360 pondrm

201 2591 319 2646 larunt
335 2591 387 2660 qb:
407 2592 473 2646 aunt
489 2593 516 2647 d.
585 2596 601 2646 5
620 2592 722 2646 sanant
738 2607 764 2661 9.
790 2593 794 2661 l
817 2591 849 2646 id
866 2590 925 2646 mel
942 2592 974 2646 d:
992 2589 1069 2646 idest
1087 2593 1151 2662 (oio)

128 2658 187 2715 mel
202 2674 229 2730 9.
302 2666 318 2716 6
336 2661 356 2717 i.
375 2679 401 2730 q.
421 2661 566 2716 demortua
589 2677 657 2744 apae
676 2663 741 2716 sunt
759 2663 785 2717 d.
858 2666 875 2716 8
893 2677 962 2716 vaso
978 2677 1008 2731 9:
1030 2677 1101 2718 raso
1120 2663 1149 2719 cl.

165 2734 181 2783 9
200 2730 322 2784 maruuii
338 2745 369 2800 9:
387 2731 508 2786 marubii
526 2733 552 2786 d.
576 2733 581 2800 Ι
604 2749 634 2785 rn
652 2731 729 2784 idem
747 2747 796 2786 vas
814 2730 933 2787 coicitur
949 2747 980 2800 με
998 2732 1028 2786 in
1046 2732 1150 2788 eodem

128 2813 195 2853 vasa
214 2800 352 2855 conicitur
370 2801 397 2855 d.
448 2806 480 2854 11
499 2800 654 2870 permixtus
673 2800 880 2870 calefactosque
899 2801 1149 2872 (caliactosquad)

128 2869 172 2939 qd
190 2870 236 2937 (cs.
256 2869 348 2924 Marc.
363 2886 394 2939 p.
415 2875 480 2924 125:
499 2869 594 2926 omnia
610 2870 680 2926 haec
699 2870 729 2925 in
747 2889 775 2927 ce
793 2871 997 2943 permiscentur
1014 2888 1049 2928 ao
1067 2873 1149 2944 tepe-

128 2938 206 2995 facta
223 2939 403 3008 hauriuntur,
421 2940 493 2996 miro
510 2941 595 2996 modo
613 2942 736 2997 vomicas
754 2946 890 3014 rumpunt
907 2945 973 3012 otc).
1034 2948 1069 2998 17
1089 2958 1149 2999 ore-

132 3079 192 3134 dicc
211 3099 261 3136 αι.
280 3080 307 3136 d.
338 3104 340 3108 ⁸
368 3086 404 3136 20
422 3080 511 3151 aliqui
528 3082 624 3139 tamen
637 3101 665 3138 r:
684 3083 802 3155 Aliquot
820 3083 1050 3153 (interpunctione
1063 3100 1149 3153 proc·
1191 3082 1194 3095 ’

128 3150 213 3204 misac
238 3166 268 3220 9,
301 3149 410 3220 aliquot
435 3154 495 3207 aiae
516 3154 668 3225 interpd)
700 3171 718 3209 a
744 3171 790 3210 ma
816 3154 866 3225 qd.
939 3159 971 3208 21
996 3153 1074 3209 intra
1095 3155 1148 3211 rb:
1192 3214 1194 3223 ,

131 3218 205 3275 iufra
218 3221 267 3290 qd.
341 3227 375 3276 22
394 3221 596 3296 Mandragorae
614 3225 723 3295 pondus
741 3224 850 3280 denarii
876 3225 906 3292 (c
923 3240 977 3295 quo
998 3224 1103 3294 incipit
1118 3227 1149 3295 9)
1190 3230 1194 3295 ΙΙ

126 3295 191 3360 poet
212 3291 283 3346 turis
301 3311 329 3364 p.
349 3293 375 3351 d.
387 3295 481 3363 infui
503 3297 530 3351 d.
562 3301 677 3351 cneum
693 3300 760 3364 poet
780 3296 907 3365 mapulam
927 3296 1027 3364 species
1054 3296 1149 3364 (qoin-
1191 3304 1194 3361 ξ

129 3362 204 3431 qcico
217 3364 315 3433 icitur)
323 3366 366 3434 qd
379 3366 488 3420 oddmt
501 3371 677 3436 repetantque
685 3366 768 3420 cerba
780 3366 890 3434 pondus
905 3365 1013 3421 denarii
1026 3365 1099 3435 (dan.
1109 3367 1149 3436 d),
1192 3372 1194 3377 '

130 3447 199 3487 occe
212 3435 360 3490 omittendo
373 3451 427 3491 eoae
444 3437 521 3491 docet
533 3453 557 3491 o.
573 3442 608 3492 20
622 3436 796 3506 singulorum
810 3437 867 3505 (ocal
880 3437 915 3504 cs.
927 3436 1019 3490 Marc.
1029 3453 1060 3505 p.
1073 3438 1147 3507 125).
1192 3482 1194 3489 .

168 3507 199 3557 it
219 3505 289 3574 opii:
309 3507 478 3576 opopanacis
498 3507 590 3565 Marc.
611 3507 670 3576 (qai
683 3510 827 3576 proctmc
844 3508 925 3563 accit
941 3507 1072 3576 myrrae).
