2392 3856
188 759 374 837 Frequenter
408 755 480 816 mihi
518 759 548 816 in
580 758 870 836 peregrinationibus

124 847 233 907 accidit
257 855 288 905 ut
314 853 366 908 aut
395 853 519 924 propter
546 863 641 906 meam
669 856 719 906 aut
746 857 870 927 propter

128 953 256 995 meorum
282 935 487 994 infirmitatem
515 935 608 994 varias
636 935 755 995 fraudes
778 936 868 997 medi·

124 1042 225 1083 eorum
260 1024 481 1102 experiscerer,
519 1022 694 1101 quibusdam
730 1023 869 1084 vilissima

93 1122 106 1159 ⁵
122 1112 252 1172 remedia
266 1110 439 1190 ingentibus
457 1113 563 1190 pretiis
577 1110 787 1192 vendentibus,
806 1112 869 1172 aliis

120 1221 156 1260 ea
176 1218 251 1277 qrrae
271 1217 377 1259 curare
396 1199 569 1260 nesciebant
593 1199 761 1279 cupiditatis
781 1218 869 1261 causa

123 1287 367 1364 suscipientibus.
402 1287 544 1366 quosdam
567 1306 637 1348 vero
658 1291 790 1367 comperi
812 1289 869 1349 hoc

121 1393 236 1454 genere
255 1376 382 1451 grassari
396 1382 428 1435 ut
440 1375 599 1456 languores
613 1377 664 1454 qtri
682 1377 870 1456 paucissimis

120 1463 229 1524 diebus
255 1462 299 1521 vel
328 1464 414 1523 etiam
441 1463 523 1524 horis
546 1473 670 1544 possent
692 1463 809 1546 repelli,
839 1467 870 1524 in

77 1557 105 1602 1⁰
119 1552 243 1630 longum
271 1560 388 1629 tempus
416 1551 618 1633 extraherent,
646 1561 680 1612 ut
708 1561 737 1613 et
765 1570 870 1632 aegros

120 1659 193 1700 suos
221 1639 272 1698 diu
300 1642 330 1699 iu
359 1639 457 1699 reditu
485 1639 630 1700 haberent
662 1642 869 1720 saevioresque

120 1730 193 1808 ipsis
217 1727 330 1787 morbis
354 1730 524 1788 existerent.
562 1737 744 1808 quapropter
767 1748 868 1790 ueces-

121 1818 232 1875 sarium
262 1815 335 1875 mihi
359 1818 454 1876 risum
478 1825 523 1876 est
551 1825 585 1877 ut
611 1816 742 1895 undique
766 1817 868 1879 valitu-

122 1905 200 1964 dinis
219 1903 324 1964 auxilia
345 1903 552 1964 contraherem
571 1914 601 1964 et
621 1904 700 1965 velut
723 1904 869 1965 breviario

77 2005 105 2043 1⁵
121 1993 306 2073 colligerem,
330 2001 364 2052 ut
382 2010 570 2071 quocumque
590 1994 737 2052 venissem
750 2010 869 2072 possem

122 2080 267 2141 eiusmodi
297 2080 420 2140 insidias
447 2083 540 2140 vitare
568 2090 598 2141 et
621 2081 675 2141 hac
703 2081 809 2142 fiducia
833 2102 869 2142 ex

122 2169 180 2230 boc
199 2179 332 2248 tempore
352 2171 410 2229 iter
434 2170 549 2248 ingredi
569 2178 602 2229 ut
625 2172 729 2250 sciam,
753 2173 779 2230 si
802 2173 869 2249 quis

121 2257 195 2317 mibi
222 2257 347 2335 languor
374 2257 527 2338 inciderit,
557 2277 616 2318 non
645 2259 776 2319 tacturos
803 2258 869 2318 illos

122 2365 159 2404 er
187 2364 234 2404 me
262 2345 391 2405 reditum
415 2364 473 2406 uec
499 2355 651 2407 taxaturos
674 2349 868 2406 occasionem.

74 2427 109 2484 '²0
189 2435 265 2494 Ante
297 2435 395 2493 omnia
428 2442 526 2494 eutem
561 2443 634 2515 puto
666 2437 697 2495 in
729 2443 867 2514 promptu

124 2520 256 2581 habenda
278 2540 354 2600 quae
379 2521 477 2582 subito
505 2522 670 2583 desiderata
698 2521 869 2581 difficillima

121 2609 261 2670 videntur
283 2612 418 2690 inventu,
441 2612 518 2671 sicut
541 2611 640 2671 oleum
660 2621 753 2672 vetus.
790 2609 868 2688 quod
899 2609 1075 2680 Plio.23,82.

193 2803 219 2850 3.
238 2815 264 2851 v.
283 2797 455 2853 medicorum
473 2797 587 2853 fraudes
605 2799 631 2852 d.
713 2797 935 2869 texperiscerer
952 2798 1028 2870 pdbe
1057 2799 1137 2856 -uirer

118 2885 136 2922 r
150 2869 268 2936 (Marc.)
341 2875 356 2921 o
376 2867 440 2922 eliis
458 2885 492 2924 ec
505 2885 578 2937 qnae
592 2886 616 2924 e.
630 2868 794 2924 nesciebant
810 2869 992 2938 elimaret:
1011 2869 1074 2924 aliis
1089 2887 1136 2926 eas

118 2956 143 2993 c.
165 2937 247 3006 (eliis
266 2954 289 2993 c.
309 2939 336 3008 b)
354 2938 540 2994 nescientibus
553 2940 599 2994 rb.
663 2940 848 2995 Bulom.rb.
917 2939 1090 2996 9ulinrb.

120 3016 156 3064 10
170 3009 370 3078 protraherent
382 3010 419 3064 rb
434 3009 589 3078 (traherent
608 3011 711 3078 Mare.)
728 3011 732 3081 Ι
749 3013 781 3065 ul
800 3011 829 3065 et
847 3010 976 3079 (Merop
997 3013 1026 3066 ei
1043 3011 1135 3083 pdrb.

121 3087 154 3134 13
175 3082 208 3134 ui
226 3096 276 3135 om.
295 3081 331 3134 rb
356 3080 466 3150 Marc).
540 3087 573 3135 14
593 3081 786 3136 contraherem
803 3081 848 3150 pd
864 3083 919 3146 (-re
934 3081 1052 3151 Marc.):
1072 3099 1136 3137 eon·

121 3153 232 3205 struere
245 3152 290 3204 rb.
316 3151 321 3221 Ι
364 3150 514 3208 reviarinm
532 3153 569 3207 rb
589 3151 629 3220 (in
647 3150 817 3207 breviarium
837 3152 950 3220 Mare).
1006 3158 1038 3206 15
1058 3151 1135 3208 oolli-

121 3238 189 3291 gere
207 3222 379 3291 rb(d{ere.)2
405 3225 409 3290 Ι
434 3223 477 3277 uti
493 3223 539 3277 rb.
613 3229 645 3277 16
664 3221 826 3277 huiusmodi
843 3223 889 3277 rb.
914 3225 919 3288 1
944 3239 967 3276 e.
987 3223 1076 3279 vilere
1094 3223 1135 3278 in·

121 3291 209 3346 eidias
228 3292 254 3346 d.
310 3298 342 3346 17
362 3292 606 3366 ἰῒθτινῠ(Μανο.)ε
625 3309 676 3348 om.
690 3295 738 3364 qd.
795 3297 827 3346 18
847 3311 874 3362 q.
893 3293 1013 3363 lengum·
1025 3292 1095 3346 mihi
1109 3294 1135 3350 d.

122 3359 157 3416 1'9
184 3377 218 3416 ex
236 3379 280 3416 me
299 3363 421 3418 reditum
439 3365 481 3433 φά
494 3365 623 3433 (Mare.):
647 3364 683 3418 od
703 3380 746 3418 me
765 3362 874 3418 editum
892 3364 936 3418 rb.
963 3365 967 3432 Ι
991 3365 1136 3419 tacturos

121 3432 303 3502 yd(Marc.):
322 3435 454 3504 capturos
473 3435 517 3489 rb.
591 3440 624 3488 22
644 3435 760 3489 inventu
779 3434 907 3503 (Mare.):
926 3448 977 3486 om.
995 3433 1086 3503 poro.
