2392 3856
477 194 696 260 ..56-

250 372 320 441 lap.
348 358 458 420 lienem
484 359 620 419 consumi
643 365 759 418 certum
787 363 840 417 est.
879 372 991 416 sarmen

350 449 424 508 cinis
444 455 528 508 aceto
543 463 723 524 conspersus
742 444 820 505 binis
839 443 951 524 cyathis
971 462 991 504 e:

349 538 377 597 ei
391 534 522 596 dabitur:
545 535 638 613 isqui
657 532 810 594 curabitur
824 535 855 593 in
873 532 985 592 lienem

192 627 319 700 (31,128.)
349 622 479 684 debebit.
507 630 625 683 acetum
642 620 756 682 bibitur
774 629 804 682 et
822 624 853 680 in
868 622 990 699 spongia

234 724 321 787 2436.
350 714 440 772 nitur.
478 709 609 790 corymbi
632 709 759 770 hederae
778 711 842 788 poti
860 708 907 768 vel
929 708 991 769 iniit

235 811 322 875 2468.
351 806 429 860 sunt.
457 800 582 859 ericaeis
595 800 671 861 vasis
689 800 720 857 in
739 800 860 876 potione
879 815 991 875 semper

236 899 323 964 30‚51.
350 887 490 948 domest
518 886 641 966 pecudis
658 885 719 947 lien
733 903 840 946 recens
854 903 945 964 super
964 884 991 944 dc

351 973 536 1053 extenditur,
568 974 684 1034 dicente
713 992 748 1033 eo
781 976 833 1051 qui
865 971 991 1032 medebit

350 1063 461 1123 lienem
474 1062 600 1143 mederi,
623 1061 730 1122 deinde
749 1063 780 1121 in
798 1062 912 1140 pariete
931 1061 991 1120 don

351 1149 482 1212 cubiculi
509 1152 635 1211 tectorio
667 1149 830 1210 includitur
862 1157 892 1209 et
920 1156 966 1208 ter

279 1281 285 1294 .
351 1237 542 1317 subsignatur
556 1237 718 1317 eademque
732 1236 877 1297 dicentur.
901 1239 991 1296 canin·

350 1329 460 1387 viventi
479 1328 618 1387 eximitur
637 1333 667 1387 et
689 1324 835 1385 laboranti
857 1327 888 1384 in
912 1323 978 1384 cibo

271 1463 278 1488 ‚
317 1463 322 1474 .
350 1415 457 1476 liberat
476 1414 512 1475 de
532 1417 602 1475 vitio
621 1414 708 1474 lienis
732 1413 847 1474 catulus
870 1412 991 1472 duum(

257 1507 262 1518 '
280 1546 287 1560 .
351 1503 437 1564 datus
452 1504 600 1581 ignoranti
614 1519 702 1580 aegro
717 1503 748 1560 in
763 1500 829 1561 cibo
845 1519 880 1560 cx
895 1507 987 1560 aceto.

257 1593 286 1646 ’.
352 1598 382 1650 et
409 1590 470 1650 lien
494 1591 624 1650 erinacei
653 1596 791 1668 praestat.
829 1588 991 1649 coclearum

173 1752 177 1763 Ι
352 1695 420 1739 cum
451 1677 504 1737 lini
536 1679 649 1738 semine
677 1684 706 1737 et
738 1679 852 1737 urticae
880 1675 979 1736 addito

281 1809 287 1821 .
351 1767 514 1845 imponitur
537 1765 632 1825 donec
650 1773 835 1844 persanetur.
868 1763 978 1824 lacerta

351 1855 416 1914 riva
446 1856 478 1914 in
508 1853 564 1928 olla
596 1861 664 1914 ante
692 1852 863 1913 cubiculum
891 1851 991 1912 dormit

353 1942 559 2022 suspenditur,
582 1950 616 2003 ut
639 1940 794 2020 egrediens
817 1948 847 2001 et
870 1941 989 2000 rediens

256 2075 264 2103 ,
318 2075 324 2088 .
352 2037 460 2108 tangat.
489 2029 572 2091 sedat
589 2030 699 2090 lienem
713 2028 752 2088 iel
772 2031 836 2108 apri
849 2028 895 2088 vel
910 2031 991 2106 suis]

258 2119 288 2172 ‘.
353 2119 465 2177 cervini
488 2135 597 2178 cornus
621 2118 696 2177 cinis
722 2124 811 2196 potus
835 2135 870 2176 cx
899 2123 991 2176 aceto.

283 2247 289 2260 .
353 2204 453 2283 lingua
475 2207 638 2267 inveterata
656 2222 693 2265 ex
711 2206 779 2264 vino
802 2203 923 2264 bibitur.
959 2222 991 2283 pr

353 2300 440 2352 tanen
468 2292 600 2353 remedio
632 2292 692 2354 lien
719 2291 849 2353 bubulus
882 2310 966 2352 assus

282 2422 289 2435 .
352 2378 399 2442 rel
422 2380 517 2442 elixus
539 2383 571 2442 in
589 2380 665 2443 cibo.
693 2381 742 2441 alii
765 2382 860 2460 capita
874 2395 922 2440 xx
946 2387 991 2440 tus

157 2679 174 2727 2
193 2687 228 2727 ex
246 2673 436 2797 aquatepida
455 2674 549 2729 Marc.
564 2674 642 2743 (Pl).
710 2678 728 2727 4
746 2671 862 2726 debebit
878 2688 908 2742 με
928 2671 991 2725 debr

86 2760 104 2799 a
123 2744 243 2896 powg.
254 2744 468 2898 qbddger-icueis
486 2815 531 2883 (cf.
547 2814 617 2896 Pit:
635 2812 797 2868 Hedereciie
815 2829 847 2895 9,
865 2812 991 2866 Hederac

90 2884 184 2956 lunam
203 2883 244 2938 bes
261 2883 288 2964 d.
315 2883 319 2951 Ι
343 2885 424 2938 utetu
441 2885 468 2941 d.
542 2890 558 2940 8
577 2883 942 2953 d1ceute-(11)d1oentur
960 2898 991 2937 on

88 2961 104 3010 9
124 2953 281 3009 dormitam
294 2953 326 3008 d:
345 2952 398 3009 -rio
416 2970 441 3023 p.
507 2960 542 3010 10
558 2953 679 3009 tectorio
696 2954 726 3009 id
745 2956 788 3008 est
806 2953 930 3024 capsella
940 2955 968 3022 (1)
985 2956 991 3005 4

87 3023 240 3079 includitur
252 3038 289 3079 ec.
303 3023 392 3095 lienp
410 3025 477 3094 (Pl,
492 3024 551 3094 M):
570 3024 728 3081 medebitur
742 3026 768 3079 d.
819 3030 852 3078 11
872 3023 942 3077 lions
961 3024 991 3091 (er

89 3101 122 3148 12
146 3095 176 3149 et
196 3093 333 3151 liberatur
354 3095 381 3150 d.
400 3114 425 3150 v.
444 3095 463 3152 l.
484 3093 600 3150 Catulus
622 3101 668 3151 etc.
689 3097 713 3151 b,
786 3100 819 3149 13
844 3093 878 3148 de
897 3092 991 3162 vitio!

87 3164 161 3247 riup,
173 3164 200 3218 d.
226 3166 231 3232 Ι
255 3163 342 3247 duum
359 3167 411 3249 pb:
430 3165 547 3221 duorum
566 3167 593 3221 d.
640 3172 674 3221 14
691 3168 721 3221 et
739 3168 819 3221 aceto
837 3163 917 3220 iuvat
935 3165 960 3220 b.

88 3251 163 3290 nucu
180 3249 211 3304 p,
229 3235 372 3291 hennacer
389 3236 416 3292 d.
490 3243 524 3292 16
543 3255 607 3293 cum
625 3237 711 3291 liuil
776 3235 881 3291 semiue
900 3236 930 3289 et
947 3234 991 3289 ult

88 3305 285 3376 cmnalbo)d‚
355 3309 562 3363 1tsaneburb.
627 3313 660 3363 18
679 3307 746 3362 vira
763 3323 813 3361 om.
832 3305 991 3373 dliuol

89 3378 170 3447 (Pl.):
198 3376 228 3432 in
251 3375 323 3433 ontio
343 3379 435 3434 Marc.
454 3396 485 3448 p.
505 3385 565 3434 166.
591 3379 596 3447 Ι
625 3377 819 3433 dormitorium
842 3375 908 3444 (riri
926 3376 991 3446 ὣς

89 3449 322 3531 (·riid⁶)bd⁰..
370 3455 404 3504 19
422 3452 456 3505 ut
472 3449 526 3520 qd:
546 3450 617 3504 etb.
689 3455 724 3504 20
743 3447 913 3516 εοὼ6φ6)ε
933 3446 991 3515 831

126 3523 159 3574 22
178 3519 269 3575 bibita
286 3519 370 3577 velet.
389 3520 414 3577 b.
482 3525 516 3576 26
535 3519 612 3590 lyeui
630 3519 654 3574 b.
680 3519 684 3587 1
709 3517 821 3574 bibulus
839 3519 865 3572 d.

385 2743 473 2798 ibitur
491 2745 610 2814 (limana)
628 2747 692 2798 ante
709 2758 777 2797 corr.
797 2743 823 2797 d.
874 2747 895 2796 b
910 2741 991 2797 Corin
