2392 3856
488 207 707 271 ..94-

271 375 286 408 *
359 371 443 432 cudis
481 369 592 431 utiliter
628 367 749 429 bibitur.
804 367 857 428 sed
893 376 923 429 et

243 468 333 532 aba&
359 461 479 539 sanguis
497 458 553 519 hoc
572 459 643 519 vitio
666 456 779 518 liberat.
816 455 857 518 iel
873 458 946 536 agni

258 550 296 604 ab.
358 548 446 610 melle
473 547 521 608 rel
542 546 668 608 cocleari
695 544 742 605 vel
768 545 858 624 ligula
885 562 946 606 sum

358 636 440 698 tulus
461 636 574 697 lactans
591 634 709 696 absciso
727 636 822 714 capite
842 640 872 694 et
894 634 946 712 ped

286 724 289 729 '
359 728 449 786 sectis
471 725 646 804 interaneis,
675 742 712 784 ex
734 725 802 783 vino
827 730 857 783 et
880 739 946 802 myr

186 814 188 818 ’
243 821 331 884 tono.
359 814 466 875 editur.
512 815 626 873 viverra
659 819 776 891 sumpta
811 813 842 872 in
875 810 942 871 cibe

258 902 296 956 tb-
358 903 468 963 lacerta
495 902 597 963 viridis
627 900 722 962 ablato
751 902 846 979 capite
870 907 946 978 etp

208 973 268 1038 (⁰m·
284 971 331 1040 'bl
358 992 521 1052 interaneis
549 993 582 1050 in
609 988 676 1050 cibo
703 989 791 1051 datur
819 988 937 1048 condita

258 1077 294 1133 ib.
359 1080 441 1140 dium
472 1078 578 1157 abigat.
620 1077 789 1139 coclearum
820 1079 896 1138 cinis
922 1095 946 1136 a«

359 1170 471 1229 semiue
499 1174 530 1227 et
556 1168 670 1228 urticae
694 1185 731 1227 ex
759 1166 845 1227 melle
874 1165 946 1226 inlin

243 1262 330 1325 30‚92.
359 1257 428 1318 sale.
464 1258 549 1317 iecur
571 1255 698 1316 vulturis
725 1257 830 1316 tritum
858 1273 927 1315 cum

359 1348 449 1424 guine
471 1346 648 1424 propinatur
670 1352 717 1405 ter
740 1345 871 1422 septenis
895 1342 946 1403 die]

359 1433 416 1495 lius
434 1433 557 1514 prodest
577 1435 603 1493 si
621 1451 656 1493 ea
674 1435 735 1492 aris
754 1450 823 1493 cum
841 1431 946 1492 occidit

243 1527 330 1590 3237.
359 1525 417 1583 erit
439 1522 568 1582 humanu
591 1520 741 1581 cadavere.
778 1521 818 1580 sel
845 1519 946 1580 testud

225 1615 331 1678 cauta.
358 1609 416 1671 bus
428 1609 546 1671 inlitum
564 1611 709 1669 iacentem
729 1611 824 1688 erigit.
852 1627 946 1687 ccagu

310 1749 311 1752 ,
358 1700 464 1759 marini
486 1696 600 1759 bibitur
628 1715 695 1758 cum
723 1696 798 1758 lacte
826 1699 935 1776 equino

258 1784 294 1838 ib.
357 1789 460 1867 punici
492 1804 564 1847 suco
592 1794 643 1847 aut
674 1786 770 1846 mulso
803 1793 895 1847 aceto.
937 1804 946 1845 r

357 1878 389 1937 in
412 1877 489 1936 aceti
511 1876 600 1936 mulsi
622 1875 735 1955 cyathis
758 1873 855 1935 trihus
877 1875 946 1935 ieim

258 1962 294 2018 ib.
357 1966 384 2024 is
416 1966 468 2043 qui
500 1965 618 2043 saepius
646 1962 756 2024 cadunt
783 1962 909 2043 clystere
937 1965 946 2023 i

358 2050 428 2112 hoc:
451 2054 577 2112 castorei
591 2051 747 2112 drachmae
763 2052 851 2132 duae,
869 2050 946 2112 melli

243 2146 332 2208 abab.
359 2138 418 2199 ulei
444 2138 575 2218 hemina,
608 2157 700 2218 aquae
731 2141 877 2200 sextarius
900 2154 922 2200 Ι.

226 2234 331 2297 283Ξ6.
359 2228 490 2287 marinae
508 2229 593 2287 iecur
610 2229 642 2287 in
656 2226 723 2287 cibo
740 2227 817 2289 bene
832 2230 944 2288 sumitu

360 2316 496 2394 caprinae
519 2317 641 2395 inrogo
664 2315 792 2377 hominis
815 2316 946 2377 tostaeb

258 2403 295 2458 ib·
358 2403 431 2464 bum
453 2402 613 2483 depellunt.
650 2407 763 2484 caprini
787 2404 832 2464 vel
860 2406 946 2465 cervi]

359 2493 419 2554 usti
442 2492 528 2553 nidor
551 2492 716 2555 adhibetur.

35 2766 41 2777 ‘
161 2766 372 2837 lutilitereyo:
390 2769 437 2822 vel
451 2767 535 2823 rituli
552 2772 596 2824 ter
613 2770 673 2893 (aie)
691 2770 784 2838 yart.
839 2768 946 2851 tyele

90 2854 140 2894 om
162 2837 208 2893 Pl.
261 2837 405 2895 eluctans
422 2854 453 2908 9:
472 2840 547 2894 tens
561 2841 601 2896 db
615 2840 656 2908 (P
667 2839 693 2907 .).
718 2842 722 2904 l
747 2840 865 2894 exsectus
882 2840 946 2894 mter

91 2909 136 2967 Pl.
191 2907 490 2978 hmirrsdh'tffth
515 2914 595 2966 aceto
613 2911 658 2968 rb.
714 2909 867 2966 6Viverra
883 2910 946 2978 μβ

89 2979 349 3048 vinadarbuerra
359 2979 450 3047 eleb).
497 2981 784 3037 letintereueiecm.
801 2981 847 3037 Pl.
893 2980 946 3035 10]Ι

91 3067 154 3107 cum
172 3053 218 3120 (ax
236 3051 263 3119 r)
282 3048 341 3105 mle
357 3050 453 3118 adrh:
472 3049 556 3105 linitu
575 3052 610 3121 (c.
629 3053 647 3109 l.
666 3053 764 3122 unctu)
786 3052 887 3106 sanam
906 3051 946 3106 Pl

88 3123 155 3176 ture
193 3119 266 3176 dab:
285 3121 411 3177 satunata
426 3130 476 3190 μ’.
530 3126 565 3175 14
582 3121 708 3178 humana.
725 3123 784 3192 (ac'c)
802 3139 827 3192 9.
853 3124 857 3190 Ι
883 3122 946 3176 del

88 3191 137 3260 d(
177 3193 229 3260 ua).
288 3195 321 3255 16
339 3190 452 3247 inlitum
470 3189 585 3260 (illitum
599 3193 627 3262 b)
644 3194 695 3262 qb:
714 3192 848 3248 illinitum
867 3194 893 3248 d.

87 3261 171 3318 vituli
192 3262 219 3318 d.
283 3267 316 3321 la
335 3262 454 3332 clystere
475 3261 660 3327 infunduntur
681 3265 752 3321 haec
769 3281 785 3318 r
812 3263 926 3332 (clyster
943 3282 946 3317 :

87 3333 136 3391 illa
155 3334 192 3406 b).
214 3337 221 3403 Ι
242 3331 415 3390 infunditur:
437 3349 473 3390 ac.
492 3335 648 3388 anchoraum
669 3335 735 3403 (hoc
756 3334 895 3404 clystere).

88 3407 118 3463 et
138 3404 197 3463 clei
217 3403 355 3463 matarius
377 3406 408 3460 et
430 3421 519 3474 aquae
545 3405 719 3462 tunlmndem¹
735 3406 780 3462 Pl.
844 3411 879 3460 24
902 3421 946 3475 cay

88 3474 202 3602 g&
219 3477 272 3547 ab:
298 3492 348 3533 cae
371 3478 399 3532 d.
425 3476 429 3545 l
454 3475 616 3532 adhibetur:
646 3476 785 3546 (morbum
812 3476 917 3547 iprum)
