2392 3856
541 180 783 249 -212-

155 353 271 409 uuum
294 351 398 407 coctus
421 345 499 406 sicut
525 346 666 424 superius
692 346 838 425 scriptum
865 352 920 407 est.
958 353 989 406 et
1013 348 1098 409 siin
1120 351 1177 411 ista

155 431 496 586 ppnpppltpppporddntur
524 431 699 512 dacrydium
725 444 771 498 ÷
787 447 843 514 111,
874 431 1075 497 catharticum
1104 437 1177 501 utile

547 722 780 779 omteoomeli.

222 859 300 920 Uvas
327 859 441 939 colligis
465 877 501 919 eo
528 866 664 938 tempore
687 877 756 920 cum
779 867 911 921 mustum
938 861 1000 920 iam
1028 863 1172 941 incipiunt

156 947 267 1010 habere
290 956 321 1009 et
343 949 559 1009 matureiacere
587 949 631 1008 sic
654 955 753 1008 umen
783 955 818 1008 ut
844 947 979 1009 nondum
1000 950 1194 1012 manducan

156 1039 286 1118 possint,
308 1036 338 1096 id
361 1043 408 1097 est
426 1053 528 1097 mense
547 1042 683 1115 augusto.
718 1035 755 1096 de
774 1035 831 1096 hoc
850 1043 951 1097 musto
967 1054 1070 1098 earum
1089 1056 1174 1099 men·

156 1143 243 1186 suras
266 1133 297 1185 et
324 1132 470 1204 quamum
491 1123 621 1185 volucris
644 1126 745 1186 mittis.
782 1131 813 1185 et
840 1126 884 1185 sic
912 1123 998 1186 iacies
1020 1132 1050 1184 et
1072 1128 1171 1185 mittis

157 1231 175 1275 e
198 1221 302 1275 contro
325 1213 421 1275 mellis
452 1220 553 1292 partes
580 1213 655 1274 duas
678 1221 708 1274 et
730 1211 835 1292 coquis
858 1214 924 1292 igni
945 1211 1037 1294 motii,
1066 1212 1099 1273 id
1122 1222 1171 1275 est

155 1302 315 1385 paulatim,
336 1303 432 1364 donec
450 1303 540 1363 tertia
556 1319 627 1382 pars
645 1300 830 1381 decoquatur
849 1308 880 1362 et
896 1308 1071 1363 remaneant
1088 1302 1173 1384 duae,

156 1399 188 1453 et
210 1394 333 1472 reponis
355 1394 387 1453 in
409 1408 479 1451 vaso
501 1391 606 1452 vitreo.
643 1389 693 1451 alii
715 1391 838 1476 mittunt
860 1392 953 1452 musti
975 1397 1078 1473 portes
1100 1390 1171 1453 duas

158 1488 188 1542 et
208 1480 303 1542 mellis
321 1481 450 1542 tertiam
482 1480 553 1541 iacit
576 1487 675 1540 autem
693 1479 730 1540 ad
749 1496 784 1540 ea
802 1495 877 1558 quoe
896 1480 978 1540 intra
996 1497 1033 1541 os
1048 1496 1167 1541 meun-

157 1576 207 1630 tur
230 1569 331 1631 ulcera
354 1570 437 1630 omni
459 1568 561 1650 aetati,
585 1568 656 1630 iecit
677 1567 715 1629 ad
737 1585 858 1628 omnem
878 1574 1001 1630 aestum
1023 1573 1163 1649 mon·

157 1657 239 1718 tibus
262 1665 293 1719 et
316 1676 393 1737 quos
414 1656 480 1718 lues
506 1655 640 1737 possidet
662 1663 694 1718 et
716 1655 753 1717 ad
780 1654 995 1737 dysentericus·
1012 1664 1045 1719 et
1063 1655 1099 1718 td
1117 1671 1165 1716 eos

158 1748 209 1825 qui
239 1742 320 1828 <de>
348 1745 500 1808 stomacho
530 1752 698 1824 quenmtur
720 1751 752 1805 et
779 1743 815 1805 ad
843 1744 1053 1825 digestionem.
1088 1744 1167 1807 detur

157 1843 259 1896 autem
285 1836 318 1896 in
348 1853 425 1914 uque
452 1833 545 1896 calida
572 1833 609 1895 nd
641 1832 763 1894 modum
790 1833 934 1894 coclearia
967 1833 1044 1917 duo,
1075 1841 1105 1896 et
1129 1834 1192 1893 sic.

157 1931 314 2004 acceptum
341 1922 590 1985 medicamentum
618 1922 703 1984 valet.
744 1939 816 1982 sanc
844 1928 944 1983 autom
978 1920 1018 1984 ad
1043 1940 1097 1985 eos
1122 1920 1165 2001 qd

134 2012 139 2023 '
158 2014 238 2072 sitim
256 2014 412 2092 patiuntur
429 2011 477 2071 vel
495 2011 605 2091 quibus
624 2009 727 2091 pulmo
752 2011 865 2071 aruerit
883 2010 930 2071 iel
953 2013 983 2073 is
1003 2012 1058 2092 qul
1074 2012 1164 2073 nom
1195 2084 1196 2095 χ

158 2099 329 2160 desiderant
351 2099 435 2161 dubis
458 2100 490 2159 in
512 2116 588 2178 equa
612 2099 725 2178 frigide

231 2363 245 2412 1
266 2355 452 2414 etsihriirc
469 2372 493 2412 o.
547 2355 831 2427 tdiccridiumpc.{
851 2369 947 2415 ÷111:
968 2363 995 2414 ὃ.
1014 2356 1192 2425 mutue·

157 2430 290 2486 turcicum
307 2429 386 2486 utilis
398 2445 446 2499 po.
495 2427 571 2484 usit
582 2444 608 2485 o.
657 2429 700 2484 tit.
718 2428 837 2484 Amfoco
853 2426 934 2483 molli
950 2428 1053 2499 (mbr.)
1065 2442 1091 2499 p,
1107 2426 1161 2482 uu-
1188 2414 1193 2473 1

158 2501 291 2558 fecomeli
307 2519 324 2556 c
342 2501 390 2570 (ef.
410 2501 522 2557 Patina.
540 2510 580 2559 11,
596 2501 648 2569 18).
715 2504 733 2554 6
756 2499 861 2555 habere
882 2498 1028 2575 inmature
1048 2498 1163 2566 merto

158 2573 199 2640 (in
217 2598 251 2619 =
269 2579 352 2642 ipro
365 2573 384 2627 i.
399 2572 478 2627 =id
491 2573 576 2640 esti).
592 2569 597 2642 Ι
616 2569 683 2626 inm.
701 2569 755 2625 icc.
773 2585 825 2625 om.
839 2587 863 2625 o.
917 2575 1001 2627 o-tr
1018 2572 1055 2643 (t)
1071 2571 1162 2640 ricpc

203 2650 218 2698 7
238 2647 268 2699 et
285 2643 325 2700 sie
342 2643 430 2699 scoies
448 2660 500 2701 om.
517 2659 542 2698 c.
606 2646 624 2697 8
641 2655 744 2712 coques
760 2657 800 2712 oo
822 2643 1016 2766 (Ἕω
1032 2656 1103 2697 corr.
1118 2636 1160 2711 pti

159 2714 244 2769 molle
266 2731 292 2768 o.
361 2720 395 2770 10
412 2730 530 2783 repones
551 2729 582 2784 p,
608 2729 697 2782 pones
719 2729 744 2768 o.
809 2717 841 2766 11
938 2710 1075 2784 tydeo
1096 2713 1129 2779 o).

160 2790 193 2839 13
208 2784 262 2839 luis
274 2801 293 2854 p
306 2784 420 2854 (luero).
437 2785 442 2853 Ι
458 2783 641 2854 dysintericos
653 2798 701 2854 pv.
748 2789 782 2837 14
796 2782 830 2838 de
849 2783 956 2840 addidi.
996 2789 1030 2839 15
1045 2779 1161 2840 ocelim
1186 2772 1193 2819 ·'

158 2871 176 2924 q
197 2855 345 2924 (cocleario
361 2856 397 2924 c).
458 2861 490 2910 17
508 2855 553 2910 his
570 2871 588 2926 9
606 2853 640 2923 (is
658 2857 693 2924 o).
