2392 3856
478 191 720 256 -152-

121 384 166 438 Pl
262 394 406 452 mn.
436 396 485 450 Do
507 407 686 465 papavere

96 460 185 523 2⁰³⁶
262 513 364 593 Capita
395 515 461 574 eius
494 521 524 573 ei
553 511 622 573 lolia
650 511 772 573 decocta
803 511 961 572 meconion

132 610 149 642 ⁸
195 602 458 684 medicamentum,
481 609 583 662 contra
607 618 643 661 ea
661 601 796 680 corporis
813 601 884 660 vitia
907 616 982 679 quae

195 693 295 770 rigore
328 689 456 752 sananda
488 697 567 751 sunt
613 707 704 751 sucus
736 706 805 750 cum
838 705 962 750 rosaceo

194 779 329 841 dolorem
355 780 472 859 aurium
491 780 613 857 mitigat
649 776 718 837 tolia
741 777 863 837 decocta
882 783 913 837 et
930 793 982 837 cur

195 886 248 929 ceo
267 870 336 929 trita
356 866 468 927 morbis
481 864 689 927 articularibus
704 868 813 946 optime
828 863 982 927 inlinuuiu

195 956 319 1015 loreri
311 973 342 1016 ru
365 973 423 1034 qua
446 972 624 1035 papaverum
649 956 743 1034 capita
776 953 900 1013 decocta
918 963 982 1015 sunt

195 1041 299 1104 morbo
326 1041 529 1105 laborantibus
551 1045 682 1121 itemque
706 1061 744 1102 ex
770 1042 884 1122 epitora
912 1041 983 1123 lippi

132 1139 147 1171 *
192 1131 325 1210 prodest.
361 1149 463 1192 semen
486 1133 591 1193 tritum
609 1149 678 1192 cum
696 1137 780 1192 aceto
799 1138 830 1190 ei
852 1129 982 1197 meilen

132 1227 147 1259 *
194 1219 290 1281 dicam
324 1219 508 1282 tumentibus
540 1237 628 1299 opem
659 1227 798 1298 praestat.
841 1227 982 1280 cortens

132 1316 148 1349 ²¹
192 1307 292 1370 lorum
319 1316 463 1370 contusus
496 1315 527 1368 et
553 1307 692 1368 redactus
717 1309 750 1367 in
777 1306 933 1386 pulverem
965 1324 982 1367 u

194 1399 360 1476 permixtus
383 1396 511 1459 sordidis
533 1395 707 1458 vulneribus
730 1396 843 1456 utiliter
864 1397 982 1475 inponit

133 1494 148 1526 *
260 1484 314 1547 Est
332 1494 363 1547 et
381 1485 516 1546 silvestre
535 1485 645 1546 modici
667 1486 771 1564 capitis
795 1491 825 1544 ei
845 1485 971 1544 nonita

45 1576 49 1587 '
86 1621 188 1689 w
154 1573 277 1676 polan,
309 1572 390 1652 quod
421 1575 497 1634 miro
526 1591 583 1633 usu
615 1571 792 1634 saucibus
784 1591 815 1632 m
847 1580 969 1633 tumore

101 1698 180 1762 2079
181 1666 345 1742 asperatus
372 1663 500 1722 arterias
530 1668 622 1722 sanat
663 1661 695 1721 tit
726 1680 761 1721 ex
790 1679 826 1720 eo
853 1660 982 1720 medical

101 1736 184 1833 (ndi)
194 1748 274 1829 quod
297 1749 405 1811 medici
427 1758 548 1811 auctore
572 1748 736 1829 Chrysippo
760 1747 915 1809 diacodion
940 1767 982 1809 vo

121 1950 176 2017 (52)
281 1943 400 2020 Papauer
421 1946 566 2021 restringit
587 1943 739 2017 quidemst
759 1942 848 2016 replet
870 1950 898 1998 et
921 1951 966 1999 est

195 2044 284 2100 mum,
306 2037 335 2085 et
356 2029 455 2087 lortius
470 2029 543 2104 quod
559 2037 603 2084 cst
615 2029 735 2103 nigrum.
774 2027 870 2082 horum
886 2028 982 2083 omniu

195 2112 283 2191 magis
311 2113 434 2186 egeritur
461 2129 542 2186 quam
570 2128 676 2169 carnes.
716 2110 860 2186 coquendo
888 2127 958 2186 ergo

194 2195 233 2250 ita
253 2202 286 2250 ut
306 2210 368 2251 cum
389 2194 507 2252 volneris
529 2194 630 2269 aliquid
656 2195 807 2267 desiccare,
829 2211 895 2251 suco
919 2196 982 2269 prin

194 2276 351 2335 recentibus
366 2276 490 2336 carnibus
505 2280 599 2339 utaris.
637 2295 699 2335 nam
721 2296 821 2353 genera
839 2295 982 2353 papaverur

195 2370 273 2434 sunt,
297 2369 326 2420 et
347 2363 464 2437 agrestia
480 2362 588 2438 quidem
604 2363 751 2421 medicinae
768 2380 819 2419 usu
838 2361 982 2421 eificaoissi

195 2448 314 2522 quaein
339 2447 427 2506 bortis
450 2455 588 2505 seruntur.
625 2447 718 2504 album
745 2463 862 2522 papaver
883 2447 976 2505 minus

194 2532 377 2607 soporiferum
403 2538 449 2590 esi
476 2533 600 2608 quidem,
623 2533 750 2607 quoniam
773 2532 861 2589 minus
888 2532 982 2608 rigori

195 2617 335 2689 continet,
363 2634 443 2692 quem
465 2617 593 2692 paulatim
615 2616 654 2673 illi
676 2615 783 2672 cultura
805 2612 925 2673 decoxit
962 2616 982 2672 ic

160 2830 174 2878 1
191 2823 251 2950 cipe
263 2825 330 2894 pol.
348 2824 497 2949 popuplpris
511 2828 547 2895 (ei
560 2841 625 2880 mor,
636 2774 705 2880 folin
715 2825 784 2894 eius)
798 2826 843 2880 rb.
860 2827 864 2893 l
880 2840 982 2963 mppon

86 2909 191 3020 {propp-
201 2911 250 3047 r'r:
264 2897 642 3022 εαξωᾚῦἲηωέᾝτέεὲῗὲ
653 2899 941 3022 prophsfflbpprpanm
955 2897 982 3035 g

124 3034 263 3091 bmorbis
280 3035 476 3092 articularibus
492 3038 559 3108 poi.
577 3037 734 3093 tumoribus
752 3036 949 3092 articularibus
967 3054 982 3092 r

87 3103 166 3160 ribus
182 3104 386 3162 auriculas-ibus
405 3109 440 3178 b).
459 3109 494 3175 cf.
513 3109 576 3178 opii.
593 3108 772 3176 {inlinuntur
789 3124 839 3177 po·
862 3106 982 3163 illiniunt

88 3175 636 3319 cibistrinensis
676 3177 982 3319 1811111111

88 3317 299 3375 caulicorumi.
355 3326 388 3374 11
411 3319 520 3376 utiliter
533 3321 612 3402 poi:
640 3336 691 3376 om
714 3321 758 3375 rb
824 3327 856 3374 12
880 3320 982 3375 imotic

88 3393 122 3442 18
136 3405 274 3446 mrrousu
292 3391 358 3460 poi
381 3405 453 3445 mrro
470 3388 540 3445 esi
531 3406 562 3443 m
579 3391 689 3446 usurb
738 3396 771 3444 14
790 3392 968 3461 asperatosp

88 3460 589 3544 rb)·apperataso,apporioiosi.
649 3463 874 3517 insaniorem
895 3477 982 3530 marp.

88 3530 164 3599 (anie
181 3529 311 3601 crysippo
328 3535 361 3587 ut
377 3531 427 3602 oi)
444 3530 679 3602 idiooydon(
621 3547 659 3601 pv
670 3532 740 3602 (,rb)
759 3532 898 3602 dyocidon
916 3534 934 3588 i.
