2392 3856
484 207 703 272 ..5g...

238 380 361 442 eope..
407 415 414 428 .
460 414 467 428 .
514 415 521 429 .
567 415 573 428 .
620 414 627 426 .
690 366 847 428 defunctos
866 364 954 426 obrui
971 383 996 444 o]

238 468 325 532 sept.
353 454 571 535 vespertilionis
581 457 723 535 sanguine
739 450 808 534 (si)
822 462 996 515 ventercom

353 547 384 606 in
398 552 495 606 totum
508 562 619 605 amum
633 550 775 604 caventur
784 545 853 603 vitia
868 544 996 605 interam

220 643 325 708 setis.
353 651 464 694 cornus
482 635 595 694 cervini
613 634 710 693 teneri
728 632 803 692 cinis
821 649 890 691 cum
908 630 996 690 coclei

354 723 436 782 canis
459 739 528 781 cum
550 728 627 781 testa
650 737 702 780 sua
726 720 801 780 tusis
824 721 934 779 mixtos
957 718 996 777 da

265 813 280 847 *
351 810 472 888 potione
496 810 564 869 vini
601 808 671 868 iacit
697 809 807 887 optime
831 807 868 866 ad
896 806 994 866 colum

352 899 438 958 cuius
470 897 714 976 compositionem
746 894 921 955 tradidimus
953 896 983 954 in

159 1034 176 1085 2
189 1031 287 1085 venter
300 1031 445 1085 conlectus
457 1047 475 1100 p
479 1069 488 1097 ,
502 1033 600 1086 venter
617 1031 710 1084 tectos
728 1029 760 1084 d:
788 1030 917 1083 mutacio
935 1030 996 1083 vent

86 1099 197 1173 (addidi
210 1099 254 1169 si).
303 1101 509 1170 lcerviniphz
528 1100 643 1156 cervid.
660 1102 664 1168 Ι
684 1100 996 1155 hoeccolomedeotore

123 1169 238 1241 lpotio
257 1171 294 1225 sd
312 1171 405 1226 colum
422 1172 450 1227 d.

224 1413 316 1475 tonde
352 1407 434 1465 etad
462 1409 574 1483 cyathos
601 1407 671 1464 duos
698 1408 776 1482 potui
802 1406 891 1463 datur.
927 1403 996 1460 radis

98 1482 316 1554 (Ml-lidii)
352 1492 417 1549 liter
437 1494 559 1566 asparagi
582 1492 644 1548 trita
668 1500 695 1547 et
717 1492 744 1546 io
767 1491 829 1546 vino
851 1491 930 1563 potui
951 1488 996 1544 dat

352 1575 449 1632 borum
471 1575 560 1632 dolori
582 1573 716 1632 medetur.
751 1569 926 1651 [cataplasma
939 1572 973 1628 ad

215 1664 316 1726 sopit),
352 1660 516 1716 nasturtium
544 1674 604 1714 cum
632 1657 742 1732 polenta
769 1657 882 1728 teritur,
912 1655 996 1713 calido

163 1815 166 1819 ἵ
205 1738 273 1813 *(ἳ)
352 1744 473 1817 ponitur.
511 1741 614 1799 leculae
636 1741 727 1798 viridis
754 1741 820 1797 folia
847 1742 960 1796 tritaet
987 1741 995 1794 i

239 1831 316 1894 29,Βῖ
354 1828 436 1884 mista
457 1834 486 1884 et
506 1827 631 1900 imposita
652 1823 764 1883 mirilico
782 1833 887 1882 sanant.
923 1824 984 1880 lana

97 1901 238 1972 (Mamil-
250 1906 318 1972 171).
354 1912 382 1967 in
404 1910 466 1968 oleo
488 1910 548 1985 pice
570 1909 671 1984 liquida
686 1909 817 1984 sulphure
839 1910 898 1964 rivo
920 1909 993 1963 nitro

352 1993 505 2053 fervefactis
521 1996 633 2051 intincta
657 2009 737 2067 qoam
752 1991 810 2049 fieri
832 2000 924 2067 potest
939 1990 996 2048 calis

215 2082 316 2150 thile.
352 2077 444 2135 bisin
472 2079 516 2134 die
538 2078 658 2151 ponitur.
694 2075 811 2150 sulphor
836 2077 923 2132 vivum
950 2076 996 2149 imp

352 2177 414 2218 com
436 2161 524 2235 adipe.

425 2290 630 2362 (Renibus.)

216 2390 318 2453 tom.
416 2384 498 2443 Radix
517 2385 627 2442 feniculi
641 2402 703 2442 cum
719 2386 803 2441 osana
818 2384 930 2440 decocta
945 2390 973 2439 et
994 2387 996 2438 i

353 2469 415 2527 data
429 2486 525 2527 renum
540 2470 687 2526 densitates
702 2468 818 2540 relaxat,
840 2475 868 2523 et
890 2466 996 2522 eiusden

354 2556 393 2612 cis
415 2571 497 2612 sucus
511 2553 546 2610 ad
568 2554 681 2628 cyathos
703 2552 773 2609 duos
788 2551 817 2608 in
838 2551 900 2607 vino
918 2551 996 2625 potui

204 2633 275 2706 ⁸(t)
354 2637 513 2695 mirabiliter
538 2639 601 2694 vitia
626 2645 712 2694 sanat.
756 2637 859 2693 urticae
885 2650 979 2691 semen

86 2713 106 2749 ⁴
126 2713 317 2781 Marco-1⁷8.
354 2738 387 2779 ex
408 2723 463 2778 aar
484 2723 589 2795 tysim
611 2720 698 2781 ianm
719 2719 830 2776 sinito.
867 2719 996 2774 vettonica

118 2779 320 2847 ‘Pl‘²⁶v⁸²·⁴⁸·)
355 2805 425 2861 veris
436 2803 540 2862 denarii
553 2804 609 2861 duo
620 2822 653 2863 ex
663 2802 767 2861 mulsae
776 2804 881 2878 cyathis
890 2801 978 2858 trihus
994 2819 996 2857 1

226 2893 319 2954 topos
356 2886 474 2945 tantihos
489 2905 550 2946 cum
565 2906 634 2963 aqna
656 2886 740 2945 calida
755 2889 945 2962 propinantur.
974 2902 996 2941 u

101 2963 320 3034 (dinanno).
354 2971 431 3028 radix
453 2973 551 3029 teritur
565 2979 594 3029 et
614 2990 648 3030 ex
662 2987 693 3028 ea
714 2972 816 3028 denarii
837 2979 894 3027 tres
915 2986 948 3026 ex
963 2972 996 3025 vh

88 3048 228 3120 (Marc-1²·
242 3049 319 3116 lton
355 3054 411 3112 this
434 3054 522 3112 trihus
536 3058 614 3130 potui
635 3057 735 3113 dantur
756 3053 888 3131 proficue.
924 3056 996 3111 ocion

354 3141 462 3214 saepius
484 3137 585 3196 hibitus
607 3157 702 3198 renum
723 3141 786 3196 vitia
809 3138 934 3195 emendat
961 3179 968 3193 .
993 3179 996 3193 .

145 3260 176 3309 11
197 3252 334 3310 calidum:
359 3270 394 3310 ex
412 3254 492 3309 ooelo
511 3252 602 3309 calido
622 3254 661 3308 M
680 3255 755 3322 (cnm
772 3252 889 3322 polenta
906 3266 941 3305 ex
959 3267 996 3304 ec·

88 3323 189 3395 lipitur
207 3325 273 3396 Po).
351 3330 385 3380 lh
402 3323 574 3380 ferventibus
590 3324 636 3380 his
654 3325 692 3379 M
712 3321 942 3394 (fervescentibus
962 3321 996 3374 Pt

91 3402 125 3451 19
148 3413 229 3453 rencs
251 3414 271 3467 p
341 3397 356 3452 i
378 3396 423 3452 ΡΙ.
450 3395 485 3463 cf.
511 3396 600 3450 Mori.
623 3411 645 3451 c.
661 3399 717 3450 θῦε
743 3394 825 3450 radix
846 3393 877 3448 in
898 3391 996 3463 phison

89 3465 169 3524 laxet
186 3483 285 3524 renum
322 3466 478 3522 emitotem.
550 3472 584 3522 22
623 3464 739 3522 ulteris:
757 3464 843 3520 tritae
862 3464 906 3518 M.
979 3467 996 3517 2

87 3534 121 3591 in
133 3537 202 3595 mali
218 3537 331 3610 mansii
344 3537 477 3594 corticem
489 3537 567 3594 lusus
613 3577 621 3592 .
