2392 3856
337 829 566 914 Medicina
603 830 762 914 Plinii.

430 963 542 1023 Romae
573 966 666 1024 1509.

373 1161 493 1232 oapisa
509 1161 592 1220 libri
609 1161 720 1233 prima

138 1275 152 1328 I
180 1274 225 1330 Ad
243 1277 384 1330 catarrum
406 1274 454 1333 vel
475 1275 510 1330 ad
538 1273 741 1331 abundantiam
766 1277 915 1332 humorum
938 1276 1053 1347 capitia:

181 1345 296 1416 etquid
316 1345 353 1401 sit
371 1347 494 1401 catanus

128 1415 156 1469 11
182 1415 227 1471 Ad
245 1416 370 1472 dolorem
389 1415 489 1486 capitis

114 1486 155 1542 111
183 1487 228 1540 Ad
246 1487 456 1557 cephalargiam

101 1557 156 1613 1111
182 1558 227 1612 Ad
244 1558 366 1629 psyxin,
385 1561 415 1612 et
431 1557 602 1628 porrigines,
621 1559 651 1613 et
668 1557 792 1629 pruritus

182 1629 228 1683 Ad
245 1629 341 1684 ulcera
357 1627 388 1683 in
406 1629 498 1699 capite
516 1628 661 1685 manantia

182 1699 227 1755 Ad
244 1699 402 1783 alopeciam

181 1769 227 1824 sd
246 1771 363 1841 capillos
382 1769 570 1840 denigrandos

180 1841 226 1896 Ad
243 1842 458 1911 hemycraneam
477 1843 507 1896 et
524 1843 583 1895 tem
620 1858 683 1896 rum
701 1840 826 1896 dolel-em

179 1911 369 1968 Add010rem
387 1911 529 1967 auriculae
548 1928 583 1968 ve
612 1927 702 1982 aquae
720 1911 877 1982 ingressum

181 1983 227 2037 Aa
244 1983 370 2038 dolorem
388 1982 498 2038 aurium
713 2042 716 2046 ,

180 2053 225 2108 Ad
243 2053 370 2110 dolorem
387 2053 498 2109 aurium
516 2053 666 2123 antiquum
684 2053 803 2110 latorem
821 2057 851 2110 et
870 2055 984 2112 odorem

177 2124 348 2250 Momm
366 2123 592 2180 imbecillitatem
605 2124 652 2181 vel
670 2125 767 2181 surdos
785 2129 815 2181 et
827 2142 874 2181 eos
893 2126 943 2196 qui
960 2126 1052 2183 minua

178 2211 215 2249 au
237 2195 298 2250 'unt

181 2265 226 2319 Ad
243 2265 388 2335 parotides

178 2336 224 2390 Ad
243 2337 367 2393 dolorem
386 2337 529 2392 oculorum

176 2406 223 2461 Ad
241 2408 337 2462 oculos
356 2408 492 2479 sanguine
511 2407 629 2463 suffusos

179 2479 226 2532 Ad
243 2477 403 2548 lachrymas
420 2478 565 2534 oculorum
583 2476 760 2546 stringendos

176 2548 222 2602 Ad
239 2548 439 2619 lippitudinem
454 2548 502 2604 vel
518 2549 555 2604 ad
574 2565 621 2603 eos
640 2545 688 2616 qui
708 2548 805 2602 cantos
825 2547 967 2602 oculorum
987 2565 1051 2604 con-

176 2619 261 2675 tritos
278 2619 385 2676 habeut

178 2689 224 2744 Ad
243 2691 391 2761 caliginem
409 2691 552 2746 oculorum

179 2761 225 2815 Aci
243 2761 332 2817 aciem
352 2761 496 2817 oculorum

179 2831 225 2886 Ad
242 2832 403 2888 leucomata
420 2832 467 2886 vel
485 2831 522 2886 ad
540 2829 713 2887 cimtricem:
733 2833 761 2887 ct
780 2833 904 2888 maculae

179 2901 225 2957 Ad
242 2903 317 2974 pilos
335 2903 479 2958 oculorum
495 2901 639 2958 adulteros

180 2972 225 3028 Ad
247 2972 384 3044 caligines
406 2972 539 3046 cecitatea
561 2971 608 3028 vel
634 2973 667 3028 ut
690 2971 844 3031 crassitudo
871 2975 1051 3046 abstergatur

179 3043 224 3098 Aci
242 3044 422 3101 maturandae
441 3043 585 3114 aegilopas

180 3115 224 3170 Ad
242 3116 338 3171 ulcera
354 3113 466 3170 narium
484 3116 514 3170 et
531 3115 626 3171 omnia
644 3114 760 3171 vulnera
777 3116 968 3172 vetustissima

179 3185 224 3240 Ad
241 3185 361 3241 fetorem
379 3183 490 3241 narium
506 3185 554 3241 vel
570 3183 699 3258 polipum

178 3256 224 3310 Aci
242 3256 411 3328 profluvium
429 3257 539 3311 narium
768 3278 770 3282 ·

178 3326 223 3382 Ad
240 3327 405 3398 sanguinem
423 3327 458 3383 de
477 3344 544 3384 nare
563 3327 730 3384 eliciendum

175 3398 221 3452 Ad
239 3398 424 3454 stillationem
441 3399 552 3455 nariam
570 3416 604 3456 ex
622 3399 738 3454 humore

67 3460 152 3522 xm
177 3467 224 3523 Ao
240 3467 342 3524 vitium
360 3468 418 3526 oria

77 3533 152 3594 XXX
177 3538 223 3594 Ad
240 3539 336 3595 ulcera
354 3539 409 3595 oris

85 3637 152 3680 masi
161 3640 256 3680 quiotls
268 3641 386 3684 modiolus.
