2392 3856
499 219 738 286 ..205-

177 423 300 495 mn.
332 423 382 479 Do
405 423 516 493 pinea.
1041 480 1098 536 Μ

176 541 371 603 Fortissimus
394 559 431 602 cx
451 541 567 602 nucleis
585 540 671 602 cibus
689 549 736 603 est
752 549 784 604 et
801 560 921 604 umores
943 525 1128 623 opti-riost.

108 649 177 693 mos
205 632 301 710 gignit
326 636 357 693 et
384 631 465 691 sitim
492 628 576 691 sedat
603 638 635 691 et
658 630 802 693 stomachi
829 634 1019 692 acrimoniam
1054 659 1100 714 Pl.

109 726 267 799 temporat.
306 725 414 798 purgat
441 720 566 780 urinam
611 725 743 797 praestat
771 718 897 783 antidoti
923 721 1115 798 ricemtant.

112 827 183 869 cum
206 806 312 868 laseris
338 838 377 861 v-
402 821 431 887 1,
454 808 526 868 nitri
549 837 592 849 -
611 820 639 888 1,
661 808 770 886 cymini
795 841 838 853 -
860 822 887 889 1,
909 807 1022 888 palmu-
1068 812 1083 846 *

81 895 210 958 alarum
233 927 277 939 -
300 909 327 956 1:
355 897 453 957 omnia
481 897 512 955 in
540 895 667 974 oxymeli
694 895 825 958 resoluta
846 898 1022 978 oxyporium

110 983 362 1046 iucundissimum
382 990 547 1064 praestant,
570 984 597 1043 si
614 986 702 1044 uncia
725 985 824 1046 nuclei
846 987 911 1046 triti
932 984 1022 1046 simul

110 1074 283 1152 accipiatur.
311 1089 380 1132 cum
395 1074 460 1132 uvis
477 1073 574 1151 passis
593 1071 780 1151 frequentius
795 1073 893 1135 nuclei
911 1074 1023 1153 sumpti

116 1302 211 1361 nacho
233 1299 335 1375 aliquid
357 1301 459 1375 vigona
473 1298 636 1374 sopatrum,
658 1308 781 1358 ventrem
795 1301 932 1359 molliunt.
966 1319 1021 1360 ma·

116 1394 191 1443 tanae
214 1387 339 1442 nutriunt
360 1392 389 1441 et
403 1392 567 1460 egeruntur.
593 1401 655 1441 cum
671 1384 771 1442 luerint
786 1385 901 1443 mundae
916 1383 1020 1443 inflant.

75 1485 102 1525 ro
115 1472 233 1528 cortices
257 1486 321 1526 vero
344 1485 437 1525 earum
459 1469 640 1543 restringunt.

177 1554 266 1611 Nuces
294 1555 380 1610 siccae
406 1553 475 1609 (luae
501 1569 564 1610 cum
592 1553 707 1610 totidem
733 1553 792 1612 ficis
821 1562 849 1612 et
876 1572 918 1613 xx
944 1562 1022 1611 rutae
1040 1558 1097 1628 (88)

112 1638 188 1696 loliis
210 1637 301 1694 addito
323 1636 386 1694 salis
408 1652 493 1711 grano
508 1653 564 1694 uno
579 1636 660 1694 simul
683 1646 878 1696 conteruntur:
902 1639 1023 1695 aleluuo

111 1731 251 1780 comestae
265 1728 360 1779 contra
376 1722 465 1777 omnia
479 1737 582 1778 venena
603 1730 735 1797 puguant.
774 1723 855 1781 tritae
870 1739 932 1780 cum
946 1721 1022 1779 corio

110 1822 166 1864 suo
191 1806 219 1863 lu
247 1804 376 1863 umbilico
402 1806 507 1880 positae
534 1804 683 1862 lumbricos
710 1805 867 1864 excludunt.
905 1806 970 1865 lolia
992 1821 1024 1863 ex

72 1908 98 1950 as
112 1897 193 1950 aceto
216 1891 280 1946 trita
302 1888 412 1946 auribus
435 1888 564 1947 instillata
586 1888 710 1947 auditum
731 1890 870 1966 praebent.

490 1987 650 1998 *ιι-ιι.-

178 2046 308 2102 l‘inorum
341 2043 432 2101 nuclei
462 2043 617 2101 catnaslmt
651 2053 722 2102 sunt
766 2045 865 2104 lortius
897 2062 1024 2104 tenorem

113 2136 303 2201 commovent,
332 2128 503 2185 stomachum
524 2135 554 2185 et
579 2143 660 2186 rencs
681 2129 892 2194 excalefacirmt.
919 2132 1025 2189 urinam

116 2221 247 2290 purgant.
287 2230 319 2270 er
341 2214 403 2269 vluo
430 2212 504 2269 dulci
531 2214 619 2288 potati
641 2222 763 2272 ventrem
785 2223 904 2274 movent
940 2213 972 2274 fit
993 2233 1026 2273 οι

116 2298 214 2356 eodem
237 2299 396 2372 oxyporlum
420 2296 501 2353 utlle:
530 2298 619 2354 nuclei
647 2301 756 2374 purgati
776 2299 864 2358 lasere
885 2301 958 2358 nitro
980 2317 1026 2374 cy·

74 2396 105 2436 ao
118 2385 192 2446 mino
219 2382 344 2459 palmulis
371 2381 494 2438 admixtis
516 2396 577 2440 cum
603 2383 685 2439 melle
710 2381 825 2440 dantur:
857 2382 1025 2459 aegmnlcos

121 2475 205 2525 curti.
296 2524 306 2534 ,

184 2602 233 2653 Do
251 2601 433 2664 pdmarum
450 2598 565 2662 pomis.

182 2691 333 2748 Palmarum
356 2690 539 2748 thebaicarum
553 2690 595 2747 vel
617 2691 783 2749 ulcolaorum
807 2707 886 2767 poma
907 2692 961 2749 hoc
983 2699 1025 2749 cst
1044 2688 1101 2757 (⁹8)

117 2775 220 2850 dactyli
247 2776 348 2833 hahent
375 2774 476 2850 aliquid
503 2774 611 2832 caloris.
648 2776 719 2833 cocti
746 2777 774 2833 ln
797 2778 858 2833 vino
886 2774 942 2832 aaa
969 2783 1027 2833 sto·

117 2894 335 2904 --..--.

191 3001 208 3051 1
227 2994 398 3052 Fortissimis
410 3011 435 3049 o.
452 2997 458 3064 Ι
472 2993 604 3050 humores
623 2996 668 3050 laic
686 2997 745 3066 (qui
761 2998 821 3051 sine
834 2996 854 3050 h
866 2998 983 3066 mamper)
1000 3012 1026 3052 c.
1071 2999 1133 3054 soc

118 3067 224 3135 (stom.)
242 3067 334 3136 palti:
353 3082 386 3122 ac
404 3067 450 3121 rb.
513 3067 579 3121 liet
595 3065 705 3120 urinam
723 3068 827 3138 purgat
843 3068 871 3123 ai.
896 3067 901 3138 l
925 3068 1133 3138 praestat-(l)

117 3138 295 3208 frequentius
311 3152 362 3194 om.
381 3138 409 3192 d.
476 3143 494 3190 4
516 3141 563 3191 stc.
583 3167 616 3178 —
632 3158 652 3192 1.
669 3154 688 3208 9
705 3140 752 3207 (ῴ
765 3159 785 3192 1.
802 3139 835 3206 ll:
864 3138 947 3193 uncia
968 3154 1024 3193 una
1045 3139 1092 3194 rb.

118 3216 136 3264 5
159 3224 234 3292 quse
257 3208 352 3263 omnia
375 3209 421 3264 rb.
446 3213 451 3278 Ι
476 3207 601 3262 oximelli
617 3210 672 3278 pot
695 3207 844 3278 (oxymelis
865 3210 923 3278 rb).
948 3211 954 3278 l
978 3208 1133 3280 oxiporinm

117 3278 287 3350 (emporium
303 3282 332 3350 o)
349 3278 578 3335 iocundissimum
595 3280 812 3349 prao(pre)stant
827 3281 897 3349 pol:
923 3279 1035 3336 iucund.
1054 3296 1134 3350 prae·

115 3352 199 3408 'stant
217 3367 300 3421 oxyp.
316 3351 362 3405 rb.
409 3350 528 3406 tancia
546 3350 771 3420 ‚accipiatur
783 3351 851 3419 pol:
870 3349 981 3406 unmcm
996 3394 1002 3407 .
1018 3394 1025 3407 .
1041 3350 1135 3408 ,acci-

119 3423 184 3494 piat
200 3423 247 3478 rb.
301 3427 317 3476 'l
337 3421 409 3477 Cum
426 3420 488 3477 uvis
506 3423 577 3504 (W
596 3421 723 3476 cumanis
740 3421 758 3476 l.
778 3423 784 3490 Ι
809 3419 983 3491 frequentius
1000 3421 1094 3478 nuclei
1112 3441 1133 3479 s.

120 3511 159 3564 pa
186 3491 384 3563 (frequentius.
421 3491 523 3547 Nuclar
545 3509 567 3546 s
590 3492 613 3561 l,
646 3489 748 3548 Nuclei
770 3509 792 3546 s.
815 3506 865 3549 om.
889 3491 1063 3562 frequentius
1086 3495 1133 3564 dl:

120 3563 223 3621 Nuclei
240 3562 414 3633 frequentius
433 3581 454 3620 s.
472 3563 518 3617 rb.
