2392 3856
526 214 769 279 -192-

243 379 341 440 alvum
374 396 493 439 movere
527 377 606 456 quod
639 379 699 437 sint
731 377 894 457 strictiora,
925 375 1055 457 hispana
1086 399 1158 442 vero

161 463 224 518 Gal·
243 468 310 549 plus
334 467 448 528 solvere
472 466 553 546 quod
580 467 639 526 siut
666 465 807 526 dulciora
847 465 928 526 idem
951 483 988 526 ex
1018 468 1160 532 omnibus

140 541 349 638 molummis
371 574 447 637 quae
467 557 576 616 maiora
595 562 625 614 et
648 553 724 615 elata
742 560 826 635 sunt,
849 571 883 615 ea
906 552 1032 616 demum
1053 564 1159 620 tenera

243 655 274 708 et
296 646 454 725 digestioni
476 644 607 704 faciliora
631 650 661 703 et
683 644 780 704 ventri
803 641 962 703 molliendo
987 644 1157 709 adcommo

243 736 310 796 data
337 734 514 814 praesumit,
546 729 711 793 minoribus
739 732 837 791 omnia
868 733 968 792 inesse
997 738 1180 797 contrariae

243 832 290 885 cst
313 832 343 885 et
370 831 486 902 agreste
513 838 644 900 prunum
672 821 846 880 austerioris
876 819 1074 902 fortiorisque
1098 827 1153 886 vir·

243 914 325 973 tutis.
354 911 411 971 hoo
430 913 543 971 siccum
564 911 652 969 ctiam
674 916 792 969 veteres
811 908 1019 988 dysentericos
1037 920 1155 974 certum

244 1007 290 1061 est
313 999 459 1060 adiuvare.
495 999 608 1076 gummi
625 997 715 1057 huius
734 995 850 1058 arboris
868 1015 941 1058 cum
956 999 1027 1059 vino
1047 1009 1153 1080 potum

244 1086 372 1148 calculos
404 1087 526 1166 trangit,
559 1102 627 1146 cum
659 1093 743 1146 aceto
775 1087 879 1146 tritum
913 1093 1003 1165 atque
1030 1087 1149 1149 inlitum

164 1173 220 1241 (Pl.
244 1175 376 1237 lichenas
403 1177 514 1255 optime
546 1181 661 1253 purgat.
707 1191 782 1253 aqua
810 1175 843 1234 in
875 1191 936 1252 qua
958 1176 1045 1255 omui
1072 1174 1141 1237 lolia
1155 1186 1184 1228 1⁶

146 1247 367 1325 ²3²⁶⁶)dccocta
394 1272 465 1327 sunt
492 1263 624 1343 gingivas
647 1270 677 1323 et
704 1280 790 1323 uvam
817 1263 951 1342 itemque
972 1261 1084 1325 turilias
1109 1261 1144 1324 alo

244 1355 324 1414 omui
352 1351 471 1433 querela
499 1369 551 1411 ore
579 1350 746 1412 conluendo
771 1336 918 1432 deiendit,
950 1352 1064 1413 sedin
1083 1353 1149 1413 viuo

244 1443 366 1504 decocta
384 1441 588 1502 vehementius
606 1446 741 1519 prosunt.
774 1440 888 1500 radices
902 1442 1040 1520 itemque
1053 1447 1149 1502 cortex

244 1531 368 1592 eandem
395 1539 529 1610 stypseos
560 1527 671 1589 hahent
702 1536 879 1607 potestatem
906 1545 985 1608 quae
1021 1531 1052 1590 in
1077 1528 1143 1590 loliis

246 1622 406 1681 constituta
430 1627 483 1680 est.
1152 1625 1174 1667 1⁵

310 1819 447 1876 XLVII.
478 1820 527 1875 De
549 1817 704 1888 mespilo.

311 1936 427 2017 Mespili
450 1935 587 1998 arborem
610 1934 798 1996 Dioscorides
821 1942 982 1996 contentus
1006 1944 1146 2015 agrestem

163 2022 226 2077 Gal·
246 2027 413 2086 nominasse
441 2027 604 2104 praeteriit,
640 2023 697 2084 hoc
725 2030 842 2084 tautum
868 2023 1047 2086 adseverant
1075 2022 1144 2104 quod

138 2098 333 2193 xlingona
359 2115 424 2174 eius
452 2120 482 2172 et
510 2113 578 2173 lolia
605 2114 715 2173 virtute
742 2129 803 2172 uon
830 2111 1012 2192 discrepent.
1047 2112 1144 2174 sedet

246 2203 339 2272 ceteri
362 2199 545 2281 diligentius,
568 2202 620 2279 qui
639 2208 670 2260 et
687 2199 862 2290 vocabalum
884 2202 949 2261 eius
972 2200 1053 2263 aliud
1072 2200 1143 2261 addi·

157 2441 212 2509 (ia)
309 2432 392 2488 Pruui
413 2448 524 2507 pomum
545 2447 641 2489 recens
663 2436 786 2487 ventrem
800 2429 898 2503 solvit,
922 2431 1066 2488 stomacho
1087 2432 1169 2487 cond

247 2519 359 2575 uarium
387 2517 531 2598 iudicatur.
569 2517 641 2573 sicca
668 2530 724 2571 uon
753 2521 856 2571 tautum
878 2513 995 2571 molesta
1018 2523 1098 2588 sunt,
1120 2513 1143 2568 iu

246 2601 332 2659 mulsa
355 2608 432 2658 cocta
454 2600 542 2657 alvum
564 2606 747 2658 commovent.

212 2860 226 2907 1
241 2855 369 2924 hyspaua
383 2854 400 2908 l.
447 2860 463 2907 1
477 2853 555 2909 idem
568 2870 599 2926 92
618 2855 690 2909 Item
703 2854 721 2910 t.
767 2858 784 2907 4
797 2853 938 2921 accom(co
952 2852 1099 2923 o)modata
1105 2866 1142 2923 gc.

175 2930 191 2980 ὁ
211 2924 305 2980 omnia
322 2941 373 2994 oo:
396 2940 446 2980 om.
466 2924 483 2979 l.
548 2930 563 2980 7
582 2927 690 2982 veteres
708 2921 891 2994 disynierioos
914 2922 1140 2994 (dysinteriooevl

138 3013 191 3067 go:
209 2995 394 3065 dysintericos
412 2997 521 3051 volares
539 2997 556 3052 l.
611 3001 646 3051 to
663 2995 789 3051 lichenas
808 2995 867 3063 (sic)
885 3010 930 3064 go.
988 2999 1022 3049 11
1041 2992 1144 3050 coxilln

139 3069 200 3139 (sic)
223 3068 288 3137 got:
316 3066 444 3123 tonsillas
473 3067 549 3124 Ptin.
635 3072 668 3120 12
693 3064 819 3136 querella
838 3081 865 3135 g.
893 3066 898 3133 Ι
928 3081 975 3121 ore
998 3062 1146 3122 conlucendo

140 3138 270 3207 (eluendo
280 3141 306 3207 o)
315 3155 367 3222 qo:
386 3154 436 3193 ora
449 3139 524 3208 (orae)
540 3137 687 3193 colluendo
701 3139 711 3192 l
725 3136 849 3206 (conluto
863 3151 910 3191 ore
920 3134 987 3205 Pe).
1035 3138 1146 3206 1411711-

139 3211 200 3264 teos
217 3225 269 3279 go,
288 3211 405 3280 strpteos
423 3210 440 3264 l.
467 3211 471 3277 Ι
495 3209 583 3264 habet
600 3209 645 3278 91,
667 3208 725 3264 heo
742 3224 767 3263 o.
831 3211 865 3261 17
884 3204 1033 3276 praeteriit
1050 3203 1146 3278 (sedai.

139 3278 177 3334 D.
198 3280 462 3350 1,1691).{tanlum
479 3281 547 3350 gol:
565 3280 662 3334 tomen
678 3280 723 3334 rb.
739 3280 744 3349 1
765 3277 967 3349 od(s)eevorani
982 3279 1084 3350 g(rb)=
1105 3275 1148 3332 od·

140 3366 270 3407 severens
288 3367 318 3420 o,
341 3366 501 3406 asseverans
520 3352 538 3406 l.
571 3350 711 3405 adeeoem
729 3354 820 3404 autem
838 3347 973 3418 Galenus,
995 3365 1056 3405 non
1072 3349 1148 3406 Dios·

140 3423 256 3490 condes,
283 3422 357 3476 cende
379 3438 393 3476 e
414 3421 603 3490 operientes
629 3421 763 3490 quaedem
784 3421 913 3476 uidentur
939 3420 1116 3477 ortamine

141 3499 174 3546 19
183 3492 283 3617 zosimi:
297 3493 344 3618 sebd
353 3492 531 3548 idmhedmi
540 3496 565 3548 et
575 3491 637 3548 (iol.
648 3491 775 3548 etDioec.
792 3493 797 3560 Ι
812 3489 981 3545 addiderunt
991 3490 1147 3559 (oddidafo)

137 3579 205 3632 go:
234 3579 309 3618 -ror
333 3606 338 3618 .
