2392 3856
528 191 770 257 -186-

251 359 366 418 uretica
388 355 550 435 existimat,
573 355 754 416 austeritatis
777 354 903 415 fortasse
921 352 1074 416 beneficio.
1105 373 1142 416 ce·

251 455 350 508 terum
364 444 489 526 styptica
504 445 700 524 comprimere
714 444 831 504 urinam
843 444 937 522 magis
955 461 1046 522 quam
1059 445 1144 506 eicere

252 542 445 596 consuerunt.
481 532 573 593 cruda
596 534 761 593 austeriora
778 539 856 593 sunt.
889 531 983 593 cruda
1005 534 1145 613 itaquect

251 632 367 685 matura
386 622 523 684 coeliacis
541 622 736 701 dysentericis
755 622 928 700 sanguinem
945 621 1146 684 reiactantihua

189 720 206 753 *
250 719 377 793 prosunt
395 714 425 772 in
445 710 511 772 cibo
530 718 656 790 sumpta.
688 717 859 789 coquuntur
877 716 909 770 et
926 710 1074 772 incinere
1089 710 1162 772 osii-⁵

253 802 374 862 dissimo
397 801 491 861 iarina
514 799 657 880 involuta,
685 806 714 859 et
742 800 839 878 aegris
865 815 997 877 quorum
1019 798 1145 861 diuturne
1184 844 1191 885 f

252 893 310 951 iam
338 888 430 950 febris
457 895 516 969 est,
548 891 611 949 sine
643 886 777 967 periculo
809 885 926 948 dantur.
971 886 1146 951 thoraciset
1182 896 1192 965 ξ

253 977 397 1039 stomachi
429 985 576 1038 tormenta
608 978 753 1055 mitigant.
801 993 876 1054 aqua
913 977 1006 1037 etiam
1040 976 1147 1039 caelesti
1187 972 1192 1045 ὲ

253 1065 439 1147 madescunt,
463 1082 538 1144 quae
561 1074 660 1145 potest
681 1065 717 1125 ad
736 1063 829 1125 multa
849 1063 1004 1143 prodesse.
1035 1083 1099 1127 nam
1119 1073 1145 1126 et

253 1154 333 1216 sedis
355 1155 425 1214 vitia
447 1155 478 1213 in
506 1155 671 1215 fomentum
693 1152 847 1232 adsumpta
870 1151 984 1215 delenit
1002 1160 1029 1215 et
1048 1155 1171 1213 matri-1⁰

254 1242 339 1304 cibus
370 1239 547 1304 seminarum
575 1245 606 1302 in
638 1250 756 1303 tumore
784 1243 935 1302 succurrit
962 1238 1140 1320 omnibusque

253 1331 421 1393 fervoribus
438 1330 630 1393 vehementer
648 1330 775 1391 obsistit.
801 1329 918 1391 infundi
936 1348 1055 1410 quoqm
1072 1336 1144 1391 aooto
1181 1340 1192 1461 i

254 1423 315 1482 sire
339 1423 407 1482 vino
430 1419 540 1501 solent,
569 1420 648 1499 quod
676 1417 863 1480 stomachicis
891 1425 922 1479 et
949 1420 1146 1481 intestinomm
1183 1430 1192 1501 '3

254 1510 348 1571 ssuore
372 1511 483 1570 venatis
506 1509 737 1589 oportunissime
761 1508 893 1568 otientur.
1184 1546 1192 1593 „²

192 1605 207 1638 *
251 1601 254 1607 '
319 1598 366 1659 Fit
388 1617 425 1658 ex
453 1598 591 1677 cydoneis
614 1598 714 1658 vinum
745 1614 804 1676 quo
828 1594 927 1656 colore
956 1594 1192 1683 languentum}

254 1686 400 1748 desideria
427 1685 573 1747 faliantur.
614 1703 683 1747 nam
710 1687 809 1765 specie
837 1692 867 1745 et
892 1690 986 1763 gustu
1014 1692 1046 1746 et
1072 1682 1142 1745 odore
1186 1694 1192 1731 1·-

255 1775 414 1837 cuiuslibet
437 1777 496 1836 vini
519 1776 628 1835 veteris
651 1775 810 1852 imaginem
831 1780 1056 1854 repraesentat,
1081 1771 1146 1832 ideo
1182 1806 1186 1811 -

255 1883 313 1944 que
337 1863 443 1925 Graeci
465 1863 638 1943 ydromelon
661 1861 816 1942 appeliant.
857 1879 893 1921 ex
915 1861 1020 1923 multis
1044 1876 1146 1939 compo

255 1952 413 2014 sitionibus
436 1953 500 2013 eius
524 1952 629 2013 melior
651 1951 724 2012 haec
743 1958 774 2012 et
793 1949 895 2011 utilior
917 1946 1058 2012 traditur.
1093 1954 1149 2029 post

256 2040 437 2101 caniculares
456 2049 556 2102 aestus
576 2057 780 2120 quaecumque
799 2057 831 2099 se
850 2056 887 2098 ex
905 2040 992 2099 novis
1014 2036 1192 2111 imbribus&

255 2146 331 2207 aqua
358 2128 494 2189 caelestis
521 2128 665 2190 infuderit
692 2127 803 2190 mundo
822 2144 891 2187 vaso
910 2128 1061 2208 excipitur
1079 2127 1151 2187 etin

1186 2228 1192 2329 t

222 2340 235 2387 1
260 2331 380 2389 extimat
403 2332 442 2389 N.
505 2339 521 2387 2
546 2333 635 2390 eicere
656 2351 688 2405 9:
715 2350 795 2389 acore
814 2335 848 2403 (t)
869 2332 905 2388 N
923 2334 1020 2403 (agere
1044 2331 1153 2397 Maius),
1190 2334 1192 2349 '

149 2405 224 2462 ciere
241 2406 274 2460 at
286 2405 353 2475 (rb).
399 2410 415 2459 3
434 2404 631 2462 crudo-sunt
649 2405 714 2460 add.
731 2405 771 2459 N.
787 2408 791 2475 Ι
806 2404 902 2475 itaque
921 2405 950 2459 ot
966 2404 1034 2473 poia
1053 2418 1104 2459 oar.
1116 2400 1154 2465 rt,

147 2477 245 2547 itacus
264 2477 324 2545 (om.
340 2477 379 2546 et)
392 2475 431 2531 N
468 2476 568 2531 abhinc
584 2477 616 2531 d:
640 2474 772 2545 Cydonea
785 2491 822 2530 cr.
838 2477 867 2531 ot
879 2476 948 2529 mat.
960 2479 1010 2529 etc.
1047 2472 1153 2544 tcyh'n

149 2547 190 2604 cis
207 2548 298 2618 yth),
319 2545 424 2603 cilincis
441 2563 466 2602 c.
483 2549 487 2616 1
504 2546 607 2616 dysint.
625 2546 659 2601 N
660 2563 689 2615 a,
708 2547 830 2616 dyssent.
850 2546 927 2616 hta),
946 2544 1047 2601 disent
1066 2545 1090 2614 i,
1107 2542 1154 2598 dis-

150 2618 215 2673 sint.
233 2636 257 2674 r.
278 2621 283 2688 Ι
307 2617 506 2673 reiectantibus
522 2618 557 2672 N
562 2620 598 2688 (et
611 2619 649 2687 d).
712 2623 729 2672 t
747 2615 854 2688 sumpti
871 2618 898 2672 d.
950 2617 1087 2671 cocuntur
1102 2610 1151 2679 Ni

149 2688 488 2758 inpcl:om.rhetN
534 2686 776 2743 ssdiuturnainm
816 2692 876 2742 cet
929 2685 1154 2741 :iamdiutnrna

150 2759 260 2827 triph).
314 2758 664 2830 trobrisestpcietN:
683 2757 769 2814 febris
787 2702 848 2826 gon.
862 2759 916 2829 ost)
933 2756 1103 2827 rhtdatur
1117 2754 1154 2835 rh

153 2830 157 2901 l
176 2828 280 2883 tornois
303 2831 333 2884 et
354 2829 473 2884 stomaci
494 2831 516 2886 t
535 2829 669 2901 mitigent
690 2829 754 2884 cdd.
773 2824 808 2883 N
822 2826 932 2899 (Epith
1014 2833 1039 2895 8·
1051 2826 1155 2883 assisio

151 2916 202 2956 ora.
222 2900 264 2954 td.
332 2905 349 2955 9
373 2899 552 2955 madescunt:
578 2901 611 2954 in
637 2901 688 2955 hcc
713 2916 739 2954 c.
762 2899 853 2968 deficit
879 2899 978 2966 foliosa
1001 2897 1036 2953 N
1062 2896 1152 2967 (mair

151 2968 259 3026 faciunt
277 2970 358 3040 hrt}
378 2973 409 3025 et
426 2986 477 3026 om.
496 2971 523 3028 d.
578 2976 612 3025 10
630 2970 782 3042 adsumpto
797 2986 845 3040 pc.
865 2971 870 3040 Ι
891 2967 991 3026 delinit
1008 2966 1153 3039 palatii.
1178 2985 1183 2997 ·

188 3046 220 3095 11
240 3040 271 3096 in
288 3040 385 3096 dolore
403 3041 460 3110 (aed
476 3041 536 3111 apae
551 3056 639 3111 supra
656 3057 708 3096 scr.
725 3042 845 3111 tumore)
864 3041 882 3096 t.
932 3045 966 3094 12
983 3039 1157 3096 venemens

151 3111 307 3167 fervoribus
324 3113 369 3168 rb.
386 3114 391 3182 Ι
406 3112 586 3168 vehementer
603 3127 653 3168 om.
672 3113 699 3168 d.
717 3113 720 3180 Ι
735 3111 766 3167 in
784 3112 864 3167 aceto
883 3108 942 3166 sivo
960 3108 991 3165 in
1009 3109 1079 3167 rino
1097 3109 1158 3180 (aira

152 3183 218 3238 rino
239 3183 438 3254 d)9ctd(rb).
502 3189 535 3238 13
555 3182 733 3239 stomachicis
755 3199 806 3253 po:
834 3180 974 3237 stomachi
991 3180 1039 3251 ta,
1064 3182 1159 3238 stoma·

151 3252 216 3308 tiois
229 3254 275 3308 rh.
321 3259 355 3308 14
369 3251 604 3325 opportunissime
617 3270 633 3309 c
647 3256 676 3325 (o
696 3255 748 3309 ort
760 3256 798 3325 p).
814 3255 818 3322 1
834 3252 961 3309 offertur:
978 3251 1128 3323 hucusque
1137 3248 1159 3304 d.

189 3328 222 3378 15
243 3323 375 3392 cydoneis
391 3341 421 3395 9,
440 3324 564 3381 cidoneia
581 3340 611 3378 a:
629 3340 665 3393 cy
685 3324 757 3379 oniis
775 3324 819 3393 it,
839 3322 959 3395 cytoniis
976 3339 1000 3378 r.
1049 3329 1084 3379 16
1102 3335 1159 3377 nan

154 3396 184 3450 et
201 3411 241 3465 sp.
261 3396 279 3449 l.
295 3394 300 3465 Ι
317 3395 346 3450 et
359 3397 444 3465 gustu
457 3397 500 3451 oi:
520 3395 605 3465 gustu
618 3396 654 3450 rb
665 3396 711 3465 (9.
758 3400 792 3450 17
806 3394 1020 3465 repraesentant
1036 3392 1159 3464 peuri).

189 3471 223 3520 18
240 3464 403 3535 ydromelon
419 3466 485 3536 pot:
504 3460 662 3535 deotpato
713 3466 770 3523 'osc
785 3470 854 3535 t,30.
870 3467 876 3536 Ι
891 3480 926 3520 ex
942 3465 1010 3535 pot:
1030 3467 1060 3521 et
1074 3480 1108 3521 ex
1120 3462 1159 3517 rh.

188 3541 221 3589 21
241 3551 310 3591 vsso
327 3551 379 3605 po:
397 3552 463 3592 vaso
481 3536 566 3606 t(rh).
