2392 3856
503 172 745 237 -173-

180 367 318 425 mv,
349 368 399 422 Do
421 380 515 436 repo.
1040 357 1106 482 “a

190 484 271 566 Rapa
308 484 496 547 Democritus
532 493 681 564 tamqnam
719 486 866 546 contraria
904 489 1022 566 corpori

111 574 243 635 damnat.
280 581 365 654 putat
388 575 468 634 enim
491 592 527 634 ex
555 576 580 634 is
611 573 777 635 inflationes
800 574 944 635 stomachi
972 592 1020 634 ex-

111 663 210 724 citeri.
247 671 351 724 eontra
374 661 491 723 Diocles
518 665 649 741 itemque
673 661 830 742 Dionysius
858 665 946 723 etiam
970 681 1020 722 ne·

111 751 245 813 cessaria
272 752 441 812 existimant
467 759 591 830 propter
618 768 668 811 eas
696 751 821 812 virtutes
848 768 924 829 quae
952 749 1020 811 sub·

86 840 209 901 eiectae
237 847 316 901 sunt.
353 838 519 901 antidotum
542 846 767 919 repraesentant
794 857 862 899 eum
891 858 926 899 ex
954 838 1020 900 oleo

111 935 144 989 et
176 929 246 988 rino
283 929 352 989 trita
389 936 557 988 sumuntur.
607 945 747 990 venerem
783 928 948 1008 stimulant,
985 946 1020 989 eo

111 1015 240 1078 validius
259 1019 285 1077 si
304 1035 372 1077 cum
391 1035 480 1077 eruca
495 1017 679 1097 condiantur.
708 1024 784 1077 tosta
803 1023 834 1077 et
852 1035 920 1078 eum
935 1016 1020 1096 adipe

112 1112 241 1167 contusa
264 1103 458 1166 articulorum
485 1106 580 1166 dolori
608 1107 773 1166 medentur.
810 1106 953 1166 ferventia
977 1107 1020 1164 in·

112 1194 212 1275 posita
225 1194 386 1274 perniones
400 1195 548 1274 mitigant,
563 1194 656 1273 frigus
672 1212 707 1254 ex
721 1192 847 1273 pedibus
861 1193 1020 1273 expellunt.

81 1295 192 1362 taqua
215 1283 247 1342 in
270 1300 327 1361 qua
351 1280 481 1344 discocta
505 1291 575 1343 sunt
602 1281 718 1362 frigidis
740 1281 879 1362 podagris
903 1280 1020 1342 salubre

113 1371 281 1433 tomentum
304 1378 358 1432 cst.
400 1373 577 1451 cuicumque
601 1373 671 1431 vitio
698 1371 807 1451 pedum
836 1372 1021 1449 maximeque

113 1460 234 1521 trituris
261 1458 353 1520 cruda
380 1468 467 1520 tunsa
500 1467 690 1521 succurrunt.
737 1465 840 1518 contra
867 1465 1022 1537 serpentes
1067 1463 1083 1495 *

114 1552 145 1609 et
176 1547 284 1621 toxica,
307 1545 396 1607 datur
427 1566 529 1608 semen
562 1566 596 1608 er
627 1549 695 1608 vino
728 1547 897 1607 bibendum.
943 1544 1022 1606 idem

114 1653 219 1697 semen
243 1655 279 1696 ex
297 1637 365 1696 vino
384 1635 556 1697 vulneribus
575 1636 727 1697 venenatis
750 1634 867 1696 inlitum
890 1634 1020 1714 prodest.

81 1724 281 1785 seecundum
309 1723 382 1785 haee
411 1742 512 1785 semen
540 1727 571 1784 in
598 1725 678 1803 rapis
710 1731 809 1803 potest
837 1723 965 1784 calidum
993 1731 1022 1782 et
1067 1727 1082 1760 *
1165 1711 1174 1732 ’

115 1814 236 1873 fervens
258 1811 368 1893 rideri,
395 1815 458 1893 ipsa
485 1811 572 1893 paulo
596 1811 738 1873 solutiora
762 1812 939 1891 creduntur,
969 1810 1022 1870 sed

114 1899 196 1981 quod
230 1902 328 1961 minus
359 1902 513 1982 possident
540 1899 660 1981 caloris,
692 1898 842 1960 molliendi
874 1905 1021 1979 potestate

114 1998 320 2068 compensant.

180 2183 254 2259 Rapa
268 2186 291 2240 si
307 2184 437 2258 frequens
452 2184 609 2241 comedatur
623 2186 756 2244 stomachi
776 2185 928 2244 inflationes
945 2185 1019 2243 iacit.
1034 2184 1109 2254 (40¹²)

79 2269 192 2329 nocida
215 2269 261 2326 uiri
283 2269 407 2325 coxerint
427 2268 530 2325 radices
552 2271 611 2327 eim
637 2269 802 2346 podagricos
825 2270 897 2328 iore.
929 2286 1021 2327 semen

116 2354 173 2412 eius
189 2370 222 2411 ex
238 2354 301 2409 vino
325 2353 418 2410 tritum
440 2361 534 2410 contra
556 2355 723 2429 serpentium
745 2371 853 2413 morsus
875 2354 964 2412 detur.

120 2468 329 2480 -ψ-η--οο-ι-

187 2553 968 2625 tit.DeropopoDerepeid(rb)1-6ommd
1015 2555 1130 2639 tRepe

163 2627 336 2683 conderis
354 2627 422 2695 (etc)
444 2642 494 2706 qo:
522 2623 679 2707 nepam..
695 2624 889 2680 .eonirmiem
908 2625 994 2696 inb).
1058 2632 1129 2687 ιιι.

114 2667 171 2754 his
178 2698 245 2767 9,ss
270 2713 303 2753 ee
320 2698 365 2752 rb
420 2693 590 2751 3dionieins
607 2711 659 2764 po,
681 2694 860 2764 dyonisiusi.
916 2701 931 2749 o
957 2697 990 2752 A.
1009 2713 1129 2767 nemque

115 2769 316 2852 representet
311 2768 355 2822 rb.
376 2769 381 2836 1
406 2766 695 2835 componerem.
738 2768 1131 2838 dsumunturovmumitur

114 2839 228 2908 (tntum
245 2837 501 2906 rememoret
526 2837 590 2891 hinc
607 2837 762 2908 incipitd.
789 2837 868 2911 Rupe
887 2856 1016 2896 venerem
1034 2839 1131 2896 stimu-

114 2936 179 2992 lent
192 2940 240 2993 eto.
256 2938 260 3006 Ι
281 2919 409 2991 stimulet
423 2935 486 3004 (ipe.
501 2938 625 3004 eornm
645 2934 798 2991 ientoid·
818 2938 870 2992 -let
883 2938 927 2993 rb.
970 2937 1129 2992 teondicn-

114 3009 165 3063 tur
181 3023 233 3076 po.
258 3007 456 3075 (admuntensi,
480 3007 528 3060 scd
544 3022 632 3076 cupro
648 3008 711 3076 ser.)
731 3007 899 3063 condiuntur
916 3009 963 3074 id,
985 3008 1131 3063 condietur

115 3077 617 3148 rd.ttostum...eont1msumr
672 3079 836 3134 smedetur
853 3079 897 3133 rb.
921 3078 1128 3145 tiervem..

115 3147 280 3219 mitiget..
296 3147 438 3218 .expellit
455 3148 499 3202 rit.
521 3147 755 3217 {impositnmc
816 3156 891 3205 tle.
910 3165 977 3205 vero
995 3149 1065 3205 vitio
1084 3151 1128 3207 rb

155 3223 188 3274 tt
208 3219 296 3275 cruda
312 3222 377 3274 tuce
395 3220 560 3273 succurrunt
576 3219 621 3273 tic
639 3220 682 3288 (nt
698 3220 819 3286 cosroe
841 3218 901 3274 tt
891 3236 956 3290 ipsa
973 3224 1031 3290 etc.)
1049 3223 1131 3276 otiam

115 3291 163 3346 rb
211 3295 244 3346 13
263 3290 341 3345 Idem
355 3290 421 3359 poi
439 3289 626 3359 Itemqnermb
674 3296 707 3344 14
726 3288 1128 3359 exvinopostreuenatisrb.

118 3360 374 3432 tillitumldnb)
356 3365 543 3431 )q.loeq
561 3362 657 3415 oned
719 3360 875 3431 telpcoi
940 3368 974 3418 18
1001 3378 1130 3432 compen·

116 3434 214 3501 sento
232 3432 435 3503 (compensato
442 3432 484 3500 ··:)
504 3433 714 3502 conpensante
732 3433 912 3502 compescant
926 3433 936 3487 i
949 3432 1041 3503 (plene
1056 3450 1130 3489 eom·

116 3505 235 3574 peceant
252 3520 268 3556 r
272 3504 307 3573 b).
