2392 3856
472 167 713 230 -162-

195 329 350 390 dederunt.
379 327 553 389 contuendis
568 327 708 388 dentibus
726 329 900 406 frequenter
913 325 1086 406 adsumptus

194 420 326 497 integros
350 435 401 477 eos
425 434 543 476 servare
566 417 774 494 praesumitur.
811 413 1000 476 tardantibus
1024 433 1086 476 meu

195 508 287 567 struis
315 506 492 566 seminarum
516 521 576 565 non
604 503 708 565 inutile
733 513 778 566 est
801 503 847 564 vei
873 505 953 583 ipsas
982 505 1016 563 iu
1038 503 1086 565 cib

195 596 304 656 offerre
331 593 377 654 vel
401 611 507 654 sucum
539 611 576 652 ex
603 594 663 652 vini
694 595 814 671 potione
843 594 981 652 miscere.
1026 593 1086 655 ider

195 702 286 745 sucus
318 691 349 744 et
375 690 464 761 caput
495 683 605 760 optime
638 689 746 760 purgat
778 683 804 741 si
835 680 924 740 modo
955 682 1086 760 patienta

195 772 317 833 naribus
340 773 432 831 fuerit
458 778 615 851 attractus,
646 777 676 829 et
699 787 769 830 cum
791 769 875 847 adipe
903 767 1031 848 gallinae
1053 773 1086 832 tu

195 870 279 922 toras
292 859 401 939 pedum
417 860 531 937 mitigat
549 876 622 938 quas
637 857 827 918 calciamenta
842 858 991 918 fecerunt.
1024 858 1086 920 dun

195 950 308 1009 ventris
321 946 524 1007 laborantibus
538 948 651 1027 profuit
665 953 764 1007 coctas
779 963 829 1006 eas
843 947 874 1005 in
889 943 957 1006 cibo
973 954 1086 1027 sumpta

196 1038 261 1096 cleo
284 1038 368 1114 prius
395 1036 545 1115 tinguere,
575 1035 689 1096 scilicet
716 1034 752 1094 ad
780 1033 962 1113 mitigandos
988 1052 1086 1099 morou

196 1142 271 1203 qnos
293 1126 325 1183 in
348 1123 493 1183 eiusmodi
517 1127 614 1184 causis
638 1140 759 1184 necesse
788 1125 846 1184 erit
868 1125 1007 1202 experiri
1039 1121 1086 1185 sto

195 1214 295 1291 pecias
317 1214 415 1272 tunsis
438 1213 520 1290 cepis
546 1213 686 1273 infricare
713 1213 793 1273 inter
819 1211 954 1272 efficacia
971 1208 1086 1271 mmo&

116 1299 178 1354 Gal·
199 1309 385 1380 compertum
403 1308 457 1361 est.
494 1300 624 1361 Galenus
642 1300 776 1360 adfirmat
794 1302 883 1361 citius
903 1317 941 1360 ex
960 1298 1006 1360 hh
1020 1314 1086 1361 naso

86 1371 320 1502 ffiffllgcapillos
344 1391 481 1468 quamsi
504 1389 637 1470 alcyonio
661 1391 728 1468 quis
751 1395 861 1449 utatur.

91 1548 136 1616 (cs.
152 1548 197 1604 Pl.
265 1537 424 1594 xxvm.
456 1538 505 1593 De
527 1538 664 1593 anetho.

90 1621 188 1688 2⁰2⁷4)·
263 1636 378 1698 Anetho
406 1638 463 1697 etsi
489 1635 583 1697 calida
610 1638 654 1697 vis
681 1635 822 1718 traditur,
849 1653 911 1697 non
938 1645 990 1697 est
1012 1644 1086 1699 uma

196 1724 359 1803 plurimum
377 1725 495 1785 fervens
514 1743 570 1785 nec
590 1732 720 1806 austera,
744 1742 848 1786 verum
865 1723 958 1786 habet
981 1724 1086 1806 aliqua

12 1926 18 1933 '
123 1938 178 2006 (57)
261 1921 346 1993 Copae
369 1919 455 1976 oculis
478 1921 586 1994 quidem
610 1927 742 1994 prosunt,
766 1913 867 1996 [infusa
889 1918 1004 1976 dolores
1019 1926 1050 1976 ot
1066 1935 1086 1976 <a

197 2003 296 2077 ligines
312 2003 401 2076 toltit,
423 2013 531 2079 sumpta
546 2008 632 2061 nutrit
647 1999 774 2081 flegma]‚
797 2004 845 2061 sed
860 2005 974 2078 corpori
998 2003 1086 2061 inutile

197 2094 311 2161 propter
332 2087 450 2144 calorem
473 2098 501 2144 et
523 2089 712 2161 acrlmoniam,
734 2090 868 2162 quirnea
889 2096 1045 2161 egeruntur
1058 2103 1086 2145 ru

197 2172 323 2227 nutriunt
344 2186 457 2244 corpus:
484 2170 520 2228 ob
543 2172 596 2229 hoc
622 2172 741 2231 inutiles.
778 2188 840 2229 nam
862 2179 890 2229 ot
917 2171 1086 2230 calefaciente

199 2255 302 2310 siccant
327 2270 438 2327 corpus.
482 2271 548 2329 cepa
575 2249 639 2313 t'rita
667 2273 728 2313 cum
757 2265 834 2314 arcto
861 2265 890 2313 et
915 2255 978 2315 salo
1006 2272 1086 2315 morsu

198 2339 293 2395 canino
322 2339 462 2396 convenit:
499 2341 601 2396 recenti
627 2342 779 2414 inponitur.
830 2348 908 2398 cocta
936 2358 1002 2398 curn
1025 2337 1086 2401 Ν

199 2424 262 2480 trita
290 2423 440 2479 veterrimis
468 2423 625 2480 vulneribus
661 2422 685 2499 (a
713 2441 807 2481 moun
834 2426 932 2481 canno
962 2420 1049 2497 rano)
1073 2438 1086 2479 e

197 2508 347 2566 bestiarum
369 2509 489 2566 omnium
511 2509 600 2584 plagis
623 2499 761 2566 convenit.
792 2525 875 2565 sucus
897 2511 957 2566 eius
980 2525 1040 2567 cum
1059 2522 1086 2564 ro

198 2609 278 2650 sacco
300 2593 404 2650 aurium
425 2594 586 2650 surditatem
615 2593 706 2651 solvit.
750 2609 833 2651 sucus
861 2593 921 2650 eius
947 2609 1011 2651 cum
1036 2590 1086 2649 teu

198 2676 319 2733 mulieris
334 2679 439 2734 aurium
454 2677 577 2735 dolorem
601 2677 683 2735 tollit.
720 2677 841 2753 alopiciis
863 2677 969 2735 fricatis
990 2677 1025 2735 de
1039 2690 1086 2749 cept

197 2760 311 2834 capillos
333 2762 466 2819 nutriunt.

163 2950 178 2997 1
203 2941 428 3014 continuandis
449 2960 501 3014 po:
529 2943 683 3001 colluendis
701 2945 796 3015 ltro).
822 2945 827 3014 Ι
851 2946 1028 3015 assumptum
1048 2941 1086 3012 (od

91 3017 234 3085 sumptum
256 3016 288 3084 a)
314 3013 439 3084 integros
461 3017 527 3086 pol:
555 3016 719 3085 assumitur,
742 3031 841 3086 aegros
859 3016 904 3070 rb.
960 3015 1086 3071 anun

90 3086 167 3141 tibus
189 3086 233 3141 rb.
302 3085 419 3142 3cibos
443 3087 460 3142 i.
529 3086 694 3142 dfeeerunt
714 3088 748 3156 pt
770 3087 855 3155 (fecer
873 3088 913 3155 oi:
943 3102 986 3142 -re
1003 3087 1048 3143 rb.

93 3163 108 3212 8
127 3158 254 3226 sumptos
272 3171 297 3212 o.
316 3174 343 3226 p.
361 3157 490 3227 tinguere
508 3158 574 3240 pol:
597 3175 705 3214 sumere
723 3174 749 3213 o.
788 3157 917 3213 .iinotos
934 3158 982 3213 rb.
1036 3163 1086 3212 tto

91 3228 157 3296 pol:
180 3230 211 3281 et
227 3229 270 3282 rb.
328 3235 361 3284 10
380 3228 516 3284 eiusmodr
534 3230 600 3298 yet:
628 3229 757 3284 huiusmo
780 3228 850 3284 'ria
872 3228 878 3298 Ι
898 3227 965 3284 eriis
993 3227 1069 3284 cett

93 3305 124 3352 11
149 3298 182 3353 A.
201 3299 288 3354 etiam
309 3299 400 3355 tunde
418 3300 463 3355 rb.
519 3305 551 3354 12
575 3298 696 3355 Galenus
718 3301 806 3370 poio:
833 3299 968 3356 Golienus
985 3316 1010 3357 r.
1031 3301 1036 3369 Ι
1057 3293 1086 3352 ad

91 3369 213 3424 firmato
232 3369 365 3439 (affirmat
376 3372 427 3441 pl).
444 3374 449 3441 Ι
464 3369 509 3425 his
527 3372 593 3439 pot:
612 3369 648 3425 iis
666 3371 710 3427 rb.
756 3372 798 3426 tit.
814 3376 839 3426 et
853 3376 895 3427 14.
915 3371 985 3452 (etc.)
1004 3367 1086 3426 anoth·

23 3494 33 3503 ,
92 3441 189 3511 9υ(ὁ)ε
209 3442 367 3512 enetotu).
406 3446 438 3497 15
453 3440 875 3512 verumhabetoliquaminso
890 3436 1086 3511 atrammytii

92 3528 190 3566 verum
207 3512 239 3567 in
257 3529 287 3568 se
304 3512 393 3568 habet
409 3511 535 3581 aliquam
553 3510 649 3580 (etiam
667 3515 693 3582 r)
712 3531 749 3567 m.
767 3514 813 3570 rb.
