2392 3856
423 138 740 244 '-42-

275 354 363 417 soso.
391 360 428 403 ex
450 344 516 403 inre
539 343 571 402 in
594 340 660 402 oiho
679 342 791 420 sumpti
811 341 921 400 ieiunis
944 340 1062 403 dantur.
1100 340 1145 404 la·

391 437 472 491 certa
492 430 594 491 viridis
613 429 736 490 decocta
752 430 783 489 in
806 429 867 488 vini
884 429 1022 489 sextariis
1040 428 1146 492 trihus

390 517 428 579 ad
441 518 580 598 cyathum
593 535 701 599 unum,
719 516 843 595 singulis
862 515 1048 577 coclearibus
1061 517 1145 597 pthi-

391 609 453 668 sico
472 606 548 668 datis
566 605 671 667 dicbus
690 605 814 684 singulis
832 605 927 665 donec
945 604 1146 669 convalescat.

291 698 328 753 ib.
391 697 567 775 propinatur
581 689 753 755 ‘coclearum
772 694 848 754 cinis
867 710 903 754 ex
921 695 989 754 vino
1007 701 1171 757 austeros

259 793 364 859 senso,
392 785 454 844 suis
478 783 604 844 feminac
627 781 720 843 herba
742 788 843 861 pastae
866 781 993 843 laridum
1015 785 1049 843 iu
1072 781 1146 845 ciho

182 875 222 928 so.
259 879 365 943 tansi.
393 871 488 932 datur.
516 889 621 932 carnes
640 872 738 932 asinae
757 888 794 930 ex
814 872 879 930 lure
899 877 1044 949 sumptae.
1076 873 1146 933 suis

304 965 320 1000 *
392 959 455 1020 limi
481 961 557 1020 cinis
580 977 616 1020 ex
638 976 726 1038 passo
753 960 937 1037 propinatur.
974 957 1145 1037 adipis-ro·

392 1048 489 1108 centis
515 1047 614 1127 pondo
643 1046 792 1126 quadrans
816 1046 993 1124 decoquitur
1020 1047 1053 1106 in
1080 1049 1146 1109 vini

393 1134 506 1215 cyathis
530 1133 641 1215 tribus,
664 1133 782 1195 additur
805 1153 841 1194 eo
859 1133 917 1193 mel
940 1135 1087 1213 optimum
1110 1143 1145 1197 et
1158 1148 1183 1190 n

393 1222 494 1302 pilulis
516 1223 649 1303 glutitur.

458 1423 504 1478 11.
527 1421 680 1491 syntaxi.

461 1539 599 1618 Syntexis
621 1557 740 1618 quoque
759 1555 814 1598 nec
832 1537 966 1618 periculo
985 1555 1041 1597 nec
1065 1537 1146 1600 facie

394 1626 486 1707 pthisi
508 1626 659 1688 dissimilis
678 1625 800 1686 morbus
819 1633 874 1687 est.
906 1628 956 1686 cui
978 1627 1022 1685 sic
1040 1626 1146 1688 mede-

394 1722 452 1776 tur.
489 1713 579 1775 alicae
608 1714 705 1795 cyathi
727 1721 791 1775 tres
817 1716 848 1775 in
870 1717 952 1794 passi
978 1715 1147 1775 sextarium

394 1819 487 1884 aquae
506 1804 645 1882 congium
664 1805 895 1864 commiscentur
912 1809 944 1863 ct
962 1802 1075 1862 ssusim
1093 1806 1146 1863 c'o·
1160 1815 1184 1857 n

327 1932 329 1936 ι
395 1898 530 1970 quurmur
539 1892 634 1952 donec
644 1908 720 1972 aqua
729 1897 931 1971 consumatur,
943 1897 1016 1950 tunc
1026 1890 1146 1952 suiiun·

395 1978 476 2040 ditur
494 1979 578 2041 lactis
597 1979 677 2041 ovilli
695 1981 842 2041 sextarius
860 1986 912 2039 ant
928 1979 1059 2060 caprini,
1082 1996 1146 2058 qun

394 2066 612 2129 subfervefacto
629 2069 664 2129 lit
685 2085 780 2147 genus
797 2065 988 2146 sorbitionis,x
1006 2083 1068 2144 qua
1088 2083 1147 2148 per

395 2157 550 2234 septimis
569 2155 674 2217 dicbus
693 2156 855 2217 curationis
873 2162 1014 2235 utuntur,
1035 2172 1145 2233 procc-

395 2241 534 2303 dcntihus
548 2243 653 2304 diebus
667 2253 697 2306 et
711 2242 769 2304 mel
783 2241 922 2303 adiciunt.
949 2241 1146 2304 utilissimum
1159 2257 1186 2298 so

394 2337 501 2410 putant
524 2350 576 2393 eos
599 2334 630 2393 in
653 2349 728 2411 aqna
751 2333 864 2392 marina
886 2330 985 2391 lavari.

467 2531 531 2588 ΙΙΙ.
552 2531 759 2588 Isohisdiols.

280 2658 368 2722 sept.
462 2647 579 2710 Vermis
601 2657 741 2710 terrenus
764 2648 903 2710 effoditur
926 2655 956 2709 ct
978 2648 1147 2726 imponitur

394 2738 426 2796 in
449 2736 581 2798 catillum
603 2736 734 2816 Hgncum
756 2737 860 2798 lissum
878 2737 959 2797 ferro
982 2734 1147 2817 alligatum,

200 2945 217 2995 3
230 2938 353 3010 pthisico
366 2939 445 3009 p(b)=
463 2938 573 2995 thisicis
586 2941 612 2996 d.
663 2947 681 2995 4
695 2939 781 2997 detis:
799 2942 840 2997 sic
852 2942 902 3012 pol.
924 2947 929 3009 Ι
949 2938 1146 3005 convalescet:

127 3012 170 3067 sic
186 3011 236 3080 pd.
309 3007 549 3081 beoclesriump
572 3012 657 3080 (unm
679 3013 716 3082 d).
790 3019 806 3068 6
824 3011 927 3068 herhas
946 3015 1010 3067 acte
1027 3025 1100 3069 corr.
1117 3027 1145 3082 p.

132 3079 421 3153 {pulchridumyz
444 3082 797 3152 cum(d)partelnrdid.
848 3079 1149 3151 iesinaepzasinid

129 3150 266 3218 (micinas
280 3150 347 3218 Pl).
367 3153 372 3220 Ι
391 3152 510 3220 prosunt
522 3151 586 3208 add.
600 3170 624 3208 r.
674 3159 690 3208 9
704 3154 798 3223 pondo
816 3153 958 3223 quadrans
970 3153 1025 3223 pol:
1042 3151 1148 3213 undu

89 3265 91 3270 .
127 3223 187 3275 tres
204 3237 227 3275 r.
295 3222 337 3276 tit.
357 3219 479 3277 Sintexis
496 3223 636 3292 percussio
655 3225 703 3292 (cf.
720 3225 778 3280 ind.
797 3226 869 3294 cap.)
886 3240 917 3293 p,
935 3224 977 3278 De
995 3221 1100 3277 sintexi
1117 3223 1147 3278 d.

166 3296 200 3344 12
219 3290 385 3348 Sintexisd.
453 3298 486 3348 13
505 3293 551 3349 cui
568 3294 695 3350 medetur
713 3294 753 3350 sic
771 3295 799 3352 d.
866 3300 901 3349 14
919 3292 1008 3351 elices
1024 3310 1042 3349 r
1059 3293 1148 3363 (Pl.):

127 3361 256 3418 Hillncse
273 3379 305 3433 p,
322 3361 458 3432 Hyllccee
475 3365 502 3422 d.
585 3370 618 3419 15
638 3366 668 3420 et
685 3381 774 3435 equae
793 3364 922 3422 sextsriis
942 3383 980 3420 vr.
1003 3379 1026 3418 r.
1056 3365 1061 3429 Ι
1092 3363 1148 3420 mi·

128 3435 243 3488 scantur
259 3435 286 3490 d.
312 3435 317 3502 1
342 3432 445 3489 sensim
463 3451 513 3491 orn.
532 3436 559 3491 d.
623 3442 656 3491 16
675 3438 884 3492 consummetur
900 3437 928 3497 d.
995 3440 1031 3490 20
1048 3433 1148 3490 Utilli·

130 3519 207 3557 mum
220 3520 245 3574 9.
283 3509 316 3559 21
331 3506 448 3575 putatur
456 3507 483 3564 d.
519 3507 561 3562 tit,
577 3504 899 3576 Sciaticisq,1>escictis
913 3504 1146 3577 moissiaci).
