2332 3846
500 226 747 292 -166-

227 409 365 453 mensura
389 389 548 452 concludit.
589 390 623 450 iit
644 407 682 449 ex
709 389 810 468 sinapi
838 386 942 449 oleum
963 389 1045 449 senia

226 482 307 562 iuso,
347 480 517 544 lumborum
553 477 706 539 doloribus
744 484 775 537 et
814 479 921 537 nervis
956 485 1026 556 torpe

227 587 438 631 necessarlum.

137 760 214 814 Plit·
243 806 246 810 ι
295 771 402 826 XXX.
433 770 484 824 De
506 766 686 824 cauliculo.

130 837 218 898 20'33'
295 887 368 949 Cato
400 887 491 948 tradit
521 885 666 967 populum
703 903 865 961 romanum
901 886 1032 948 sexcentis

166 984 181 1017 *
227 979 312 1037 anuis
340 977 488 1037 medicina
513 973 663 1036 brassicae
695 994 793 1037 usum.
837 977 979 1037 nondum
1000 974 1048 1035 1111

227 1065 332 1126 urbem
356 1073 592 1126 commeaverant
615 1064 735 1145 medici,
762 1065 816 1142 qui
845 1065 880 1123 in
908 1072 1000 1126 artem

227 1163 299 1215 runt
321 1152 569 1234 quemadmodum
589 1171 695 1232 magno
717 1153 829 1212 sanitas
853 1156 1018 1233 constettt
1059 1200 1062 1209 .

226 1245 311 1322 griua
334 1244 484 1322 pigmenta
507 1259 610 1302 secum
633 1240 797 1302 attuleruut
822 1247 857 1300 ut
883 1240 951 1302 iilis
973 1234 1062 1321 ruffi

227 1333 322 1410 pretia
347 1348 422 1410 quae
446 1329 562 1391 vellent.
600 1337 734 1390 ceterum
751 1327 906 1401 militares
927 1332 985 1392 viri
1036 1324 1042 1338 “

228 1421 383 1480 cicatrices
406 1421 535 1498 gratuito
558 1417 659 1478 holere
679 1416 839 1498 curabant,
861 1325 1062 1649 eudendo]

228 1507 425 1569 adsalutem:
447 1507 518 1567 dum
537 1506 602 1567 illos
623 1509 731 1587 pascit,
755 1512 784 1566 et
799 1515 901 1568 sanat.
931 1524 1030 1589 ponam

228 1599 260 1655 iu
283 1597 348 1656 loco
373 1595 621 1656 medicamentum
644 1613 678 1655 re
702 1612 771 1655 vera
792 1596 835 1656 ita
859 1597 1053 1677 appeliandun

228 1686 308 1744 tonis
322 1684 502 1765 antidotum,
526 1683 604 1763 quod
624 1682 673 1743 ille
693 1703 730 1744 ex
748 1682 887 1744 brassica
909 1678 1062 1767 componed

228 1774 343 1852 putavit
370 1771 466 1832 dolori
493 1775 611 1853 capitis,
643 1771 797 1833 oculorum
828 1771 972 1857 caligini,
999 1782 1062 1836 1111

230 1869 260 1922 et
287 1861 470 1942 praecordiis
497 1862 696 1946 profuturum.
739 1859 865 1920 crudam
898 1881 975 1925 cum
1001 1861 1062 1924 coli!

231 1958 261 2011 et
288 1958 355 2012 ruta
382 1957 413 2011 et
440 1957 539 2011 menta
570 1957 600 2010 et
629 1948 767 2010 radiculis
799 1947 916 2012 laseris
947 1971 985 2014 ex
1011 1956 1062 2012 acet

231 2039 316 2098 melle
346 2041 461 2099 conteri
488 2038 572 2099 iubet
600 2057 633 2098 ae
662 2055 746 2097 mane
776 2038 893 2098 ieiunis
928 2041 1062 2102 duoruut

230 2125 400 2187 tabulorum
418 2144 559 2186 mensura
577 2127 738 2205 propinari,
774 2132 923 2188 ceterum
948 2129 1062 2190 brassica.

231 2214 318 2273 modo
339 2222 436 2274 curat:
459 2214 632 2275 vulneribus
651 2233 710 2275 non
730 2212 827 2273 solum
847 2219 1026 2279 recentibus
1038 2228 1062 2273 u

233 2388 446 2396 m———ffl

151 2449 206 2519 (62)
295 2445 394 2519 Sinape
410 2444 525 2501 calidum
541 2452 584 2501 est
599 2452 628 2499 et
647 2447 782 2517 egeritur,
806 2443 856 2498 sed
881 2441 989 2524 (hoo)
1008 2438 1062 2502 11111

233 2531 348 2586 urinam.
385 2545 480 2586 semen
503 2531 560 2585 eius
585 2529 677 2584 tritum
699 2543 761 2583 curn
783 2524 866 2582 melle
891 2539 926 2586 et
942 2541 1017 2589 aceto
1032 2525 1062 2583 ui

233 2623 314 2688 caput
328 2621 427 2690 purgat
443 2615 650 2689 gargarizatum.
679 2611 820 2667 stomacho
837 2617 1015 2672 contrarium
1027 2624 1062 2670 ut

234 2706 342 2755 coctum
364 2714 425 2754 cum
449 2698 523 2754 olere
545 2699 617 2752 iuvat
632 2695 809 2752 stomachum.
850 2712 955 2756 semen
979 2701 1062 2757 eiust

233 2799 294 2838 cum
318 2789 395 2839 aceto
417 2784 584 2854 serpentium
608 2780 718 2836 vulnera
740 2785 825 2835 curat.

234 2901 281 2907 ...-
285 2900 446 2907 ...m

176 3017 179 3023 ·
199 3006 213 3052 1
232 2998 334 3068 Fitque
351 3000 396 3055 rb.
418 3001 422 3067 Ι
447 2998 540 3068 sinapi
557 3000 607 3054 rb:
633 2998 729 3067 sinape
748 2999 813 3068 (bic)
827 3013 882 3067 uo,
902 2999 1056 3073 synapist

126 3071 219 3123 fucum
237 3071 255 3125 1.
310 3070 480 3125 trescentis
498 3071 537 3125 ct.
589 3077 605 3127 6
624 3070 722 3124 urbem
740 3070 789 3123 rb:
808 3068 879 3125 urbe
898 3075 970 3139 911.
992 3075 997 3142 l
1017 3084 1062 3128 con

127 3142 353 3210 vo1anto(r·b):
381 3141 643 3196 commoveavercnt
665 3142 687 3208 t,
720 3147 900 3195 commeare?
930 3140 1062 3212 (uerunt

127 3212 217 3265 artem
235 3213 284 3267 rb:
307 3214 368 3267 arte
385 3211 640 3281 potiredierunt
658 3212 676 3266 i.
736 3212 915 3280 tmagnal.
978 3221 1062 3284 Spa

127 3282 272 3350 pigmenta
290 3284 334 3337 rb.
395 3289 429 3338 lo
447 3282 530 3337 horto
548 3281 621 3349 (otto
639 3285 666 3351 9)
690 3281 735 3336 usi
752 3283 819 3351 pol:
842 3282 932 3338 horto
959 3302 1029 3341 eura
1043 3300 1062 3337 u

166 3359 199 3406 14
218 3354 319 3425 capitis
337 3353 428 3409 dolori
445 3355 491 3407 rb.
546 3359 580 3408 15
599 3353 743 3407 coliandro
760 3354 827 3421 yut:
846 3353 1007 3413 coriandro
1024 3354 1057 3411 rb

123 3441 154 3493 p.
176 3428 273 3495 16711).
343 3432 376 3480 16
398 3424 495 3480 tacens
517 3425 583 3493 ovi:
606 3423 719 3478 lasseris
738 3425 778 3492 tt,
800 3423 902 3479 locaris
921 3428 974 3483 rb.
1045 3429 1062 3479 1¹.

128 3494 288 3552 tubulorum
308 3499 325 3552 1.
385 3501 419 3550 18
439 3497 563 3551 ceterum
580 3495 653 3564 pub:
683 3492 833 3549 (terebrum
851 3494 877 3560 t,
900 3494 950 3552 De
971 3500 1061 3573 cetero

130 3571 163 3618 lt)
183 3569 262 3622 curat
278 3569 344 3638 poi:
364 3583 463 3621 curans
481 3567 526 3622 rb.
543 3568 548 3635 Ι
568 3581 666 3620 vorum
683 3565 795 3633 ottrb):
816 3564 865 3619 sed
883 3581 911 3635 9.
