2392 3856
472 86 689 151 „g4.„

241 255 279 308 ib.
343 252 426 331 nigra
449 250 525 311 oliva
548 252 689 310 continuo
708 250 734 308 si
753 250 923 327 imponatur
941 264 1093 307 comman-

210 352 314 414 33133.
343 340 462 422 ducata,
490 336 624 419 pustulas
647 339 728 418 gigni
750 336 897 416 prohibet.
934 337 1028 416 myrti
1048 335 1092 395 io·

227 441 315 504 3493.
342 429 451 490 liorum
478 431 553 489 cinis
581 428 739 507 spargitur.
782 425 838 486 tlos
864 423 994 485 hederae
1025 440 1095 485 cum

227 529 315 592 3343.
343 536 412 578 3333
439 517 554 579 utiliter
586 517 757 595 imponitur.
800 513 948 574 hordeum
979 520 1095 574 tostum

343 608 447 667 tritum
471 624 506 666 ex
530 604 604 666 albis
627 621 751 664 ovorum
773 602 872 664 addito
895 601 982 681 adipe
1006 600 1117 663 suilloi

156 698 192 752 ib.
212 698 272 766 (om.
291 697 317 764 3)
343 695 468 756 mirifice
495 693 627 773 prodest.
667 687 846 772 <ambusta>
873 709 949 770 aqua
976 691 1042 751 ovis
1069 691 1096 751 ai

344 785 444 844 statim
453 790 639 862 occupentur
647 789 681 842 ut
691 781 859 861 elevantur,
871 779 941 841 inde
954 776 1094 859 pustulae

229 882 317 944 3343.
344 890 405 932 333
427 878 603 951 sequuntur.
640 888 694 930 ova
721 871 752 930 in
775 887 851 948 aqua
874 868 1094 949 decoquuntur,

345 959 452 1021 deinde
484 962 516 1020 in
542 977 655 1038 prunas
687 961 855 1019 coiciuntur
882 957 978 1018 donec
1010 962 1091 1038 puta

345 1047 543 1109 minaeorum
558 1047 781 1128 comburantur,
799 1055 872 1107 tunc
891 1046 972 1107 lutea
990 1054 1128 1106 33333111

257 1142 272 1175 *
345 1156 382 1197 ex
409 1139 524 1197 rosacio
556 1136 732 1198 inlinuntur.
775 1136 874 1196 oleum
901 1133 1002 1195 addito
1032 1122 1112 1194 sale'

213 1237 317 1300 33113.
345 1225 480 1305 pustulas
508 1227 652 1306 reprimit.
689 1227 733 1286 eis
760 1243 835 1304 quae
863 1223 992 1284 ferventi
1019 1239 1094 1302 aqua

346 1322 450 1375 exusta
482 1317 542 1375 sint
573 1333 713 1375 ranarum
746 1316 821 1375 cinis
847 1329 991 1392 aspersus
1021 1309 1094 1371 adeo

245 1405 283 1459 ib.
346 1403 469 1482 prodest
491 1410 525 1464 ut
552 1405 646 1479 etiam·
667 1401 743 1482 pilos
773 1401 885 1462 reddat.
922 1400 1027 1461 efficax
1050 1406 1095 1459 est

231 1502 318 1564 3330.
347 1489 521 1551 fibrinarum
539 1490 661 1570 pellium
682 1492 766 1551 cinis.
799 1508 919 1570 magnes
937 1488 1013 1569 lapis
1032 1492 1130 1549 cre-¹⁶

215 1587 319 1652 33333.
347 1586 444 1640 matus
468 1581 618 1658 tritusque
645 1581 836 1659 inspergitur.
874 1579 961 1638 limus
984 1576 1094 1657 leporis

214 1678 319 1741 28,236.
348 1675 378 1729 et
392 1686 497 1748 caprae
511 1667 647 1731 inlinitur
661 1670 764 1748 aequis
777 1665 970 1747 ponderibus.
994 1665 1094 1746 gluten

346 1758 498 1818 taurinum
516 1759 676 1818 remissum
694 1758 783 1817 sicuti
801 1755 876 1816 solet
899 1774 915 1815 a
934 1752 1028 1816 labris
1050 1771 1093 1814 ro

346 1847 425 1907 mitti
449 1848 512 1907 sine
538 1848 676 1907 cicatrice
700 1852 797 1906 sanat:
821 1846 966 1924 optimum
991 1850 1038 1905 est
1059 1860 1094 1903 cx

347 1933 470 1995 auribus
496 1942 652 1994 taurorum
680 1941 710 1994 et
736 1931 914 2011 genitalibus
938 1934 963 1992 si
992 1930 1130 1993 33331331

347 2020 542 2100 applicentur.

400 2185 442 2240 X.
465 2185 520 2241 Ad
541 2198 694 2242 morsum
716 2185 810 2241 33313
831 2183 967 2242 rabiosi.

101 2297 189 2360 3343.
217 2297 322 2359 33133.
417 2284 634 2347 Salsamentnm
646 2287 816 2366 imponitur.
845 2294 931 2347 rutae
945 2287 1011 2347 suci
1023 2300 1090 2365 pon·

249 2378 286 2432 ib.
350 2374 407 2437 dus
425 2372 617 2437 denariorum
635 2389 683 2436 xv
702 2393 739 2434 ex
757 2376 826 2435 vino
844 2373 967 2446 bibitur.
995 2372 1090 2454 plagae
1126 2424 1130 2445 ,

349 2465 546 2545 imponuntur
562 2471 648 2525 rutae
676 2461 745 2523 lolia
772 2465 842 2524 trita
866 2481 935 2524 cum
957 2461 1092 2524 melleet

217 2564 322 2628 33313.
350 2552 410 2615 3313
438 2553 485 2632 rel
512 2571 580 2613 crim
607 2554 673 2633 pice
702 2559 731 2611 ct
759 2559 851 2612 aceto.
897 2550 967 2611 lolia
997 2548 1118 2630 nigrat¹

156 2727 172 2776 3
197 2739 231 2777 ex
255 2739 370 2777 ovorum
395 2721 466 2776 albis
484 2723 511 2778 d.
584 2729 600 2776 6
623 2723 753 2776 ambusta
774 2721 854 2790 aquis
877 2722 902 2776 si
925 2720 1025 2777 statim
1046 2731 1091 2775 ovo

88 2809 147 2850 occ.
171 2794 217 2848 Pl.
291 2799 306 2845 9
329 2791 360 2846 in
382 2808 472 2861 pruna
498 2794 658 2858 1333333133
681 2793 728 2848 rb.
754 2795 758 2859 l
783 2791 940 2848 coiciuntur
961 2809 992 2862 93
1025 2787 1090 2848 coni·

86 2863 197 2920 liuntur
214 2864 241 2917 d.
296 2868 331 2917 10
348 2861 438 2917 liniae
455 2863 499 2919 rb.
559 2868 592 2919 11
611 2862 770 2919 illiniuntur
787 2864 856 2918 3133.
912 2869 945 2918 13
964 2859 1116 2920 133333113-

85 2950 159 3003 quae
177 2933 313 3002 3333139.
365 2929 1112 3004 1331319(Ρ1.)333313133.Ι3333331333(Ρ1).’

122 3008 156 3058 13
179 3001 487 3068 fibrinarumferarum
509 3004 626 3075 pellium
654 3004 723 3059 cinis
764 3003 836 3060 cinis
857 3005 1034 3088 palliumd)
1075 2997 1091 3054 d

87 3072 159 3142 (fibr.
182 3093 210 3145 p.
228 3090 252 3129 3.
271 3076 326 3144 rb).
400 3077 498 3131 11313
526 3075 562 3142 cf.
587 3076 733 3145 Ρ1.(3331).
787 3093 805 3131 a
840 3093 885 3131 333
910 3093 950 3146 p.:
977 3091 1030 3131 om.

124 3145 802 3217 1sremiuum-sanaton.1³c1rabriapro=
841 3145 899 3203 bris
917 3149 944 3203 31.
981 3140 1089 3201 sona:

88 3231 139 3273 333.
157 3233 183 3288 9.
234 3223 266 3271 31
287 3217 464 3288 applicentur
481 3219 512 3273 d:
532 3218 643 3273 -cantur
659 3234 684 3289 9.
734 3218 776 3272 tit.
795 3216 901 3274 rabiosi
917 3234 949 3288 93
967 3211 1089 3287 33313111·

122 3294 158 3343 33
176 3287 234 3343 ruli
251 3289 311 3359 (sic)
329 3291 354 3359 ’9.
375 3291 380 3357 l
402 3289 510 3360 pondus
528 3288 705 3345 denariorum
719 3306 756 3344 xv
768 3290 809 3359 931
826 3288 877 3357 (sic
894 3293 920 3343 31
936 3288 984 3358 rb)
994 3297 1090 3343 -3333

86 3359 180 3414 stabuli
196 3375 326 3415 mansura
340 3360 385 3414 Pl.
436 3365 471 3417 24
489 3377 553 3416 cnm
571 3360 656 3416 malla
670 3361 700 3414 31
717 3358 775 3414 3313
788 3360 897 3430 9(Ρ1.)3
916 3374 981 3414 cum
995 3353 1090 3415 suaa

84 3429 172 3484 malle
189 3430 240 3485 (lb.
296 3435 330 3486 25
348 3447 412 3486 cum
430 3431 506 3501 pica:
531 3430 611 3501 ccipe
628 3432 655 3485 d.
1125 3422 1130 3471 ⁴-
