<?xml version="1.0" encoding="UTF-8"?>
<!DOCTYPE html PUBLIC "-//W3C//DTD XHTML 1.0 Transitional//EN"
    "http://www.w3.org/TR/xhtml1/DTD/xhtml1-transitional.dtd">
<html xmlns="http://www.w3.org/1999/xhtml" xml:lang="en" lang="en">
 <head>
  <title>
</title>
<meta http-equiv="Content-Type" content="text/html;charset=utf-8" />
  <meta name='ocr-system' content='tesseract 3.04.00' />
  <meta name='ocr-capabilities' content='ocr_page ocr_carea ocr_par ocr_line ocrx_word'/>
</head>
<body>
  <div class='ocr_page' id='page_1' title='image "./pliniisecundiqu01plingoog_0182.png"; bbox 0 0 2392 3856; ppageno 0'>
   <div class='ocr_carea' id='block_1_1' title="bbox 360 222 722 303">
    <p class='ocr_par' dir='ltr' id='par_1_1' title="bbox 360 222 722 303">
     <span class='ocr_line' id='line_1_1' title="bbox 360 222 722 303; baseline 0.003 -18"><span class='ocrx_word' id='word_1_1' title='bbox 360 222 722 303; x_wconf 45' lang='grc' dir='ltr'><strong>,ηυ-</strong></span> 
     </span>
    </p>
   </div>
   <div class='ocr_carea' id='block_1_2' title="bbox 200 382 1112 550">
    <p class='ocr_par' dir='ltr' id='par_1_2' title="bbox 200 382 1112 550">
     <span class='ocr_line' id='line_1_2' title="bbox 200 382 1112 463; baseline -0.001 -18"><span class='ocrx_word' id='word_1_2' title='bbox 200 394 231 446; x_wconf 86' lang='lat' dir='ltr'><strong>et</strong></span> <span class='ocrx_word' id='word_1_3' title='bbox 243 385 453 446; x_wconf 80' lang='lat' dir='ltr'><strong>suffocationes</strong></span> <span class='ocrx_word' id='word_1_4' title='bbox 472 404 508 445; x_wconf 82' lang='lat' dir='ltr'><strong>ex</strong></span> <span class='ocrx_word' id='word_1_5' title='bbox 523 387 647 445; x_wconf 80' lang='lat' dir='ltr'><strong>matrice</strong></span> <span class='ocrx_word' id='word_1_6' title='bbox 665 383 820 463; x_wconf 87' lang='lat' dir='ltr'><strong>praeclusa</strong></span> <span class='ocrx_word' id='word_1_7' title='bbox 835 382 1001 443; x_wconf 85' lang='lat' dir='ltr'><strong>efficaciter</strong></span> <span class='ocrx_word' id='word_1_8' title='bbox 1016 382 1112 444; x_wconf 88' lang='lat' dir='ltr'><strong>solvit.</strong></span> 
     </span>
     <span class='ocr_line' id='line_1_3' title="bbox 200 469 1112 550; baseline 0 -16"><span class='ocrx_word' id='word_1_9' title='bbox 200 491 268 534; x_wconf 91' lang='lat' dir='ltr'><strong>cum</strong></span> <span class='ocrx_word' id='word_1_10' title='bbox 296 473 382 534; x_wconf 87' lang='lat' dir='ltr'><strong>melle</strong></span> <span class='ocrx_word' id='word_1_11' title='bbox 412 475 516 535; x_wconf 90' lang='lat' dir='ltr'><strong>tritum</strong></span> <span class='ocrx_word' id='word_1_12' title='bbox 544 475 709 534; x_wconf 90' lang='lat' dir='ltr'><strong>canceratis</strong></span> <span class='ocrx_word' id='word_1_13' title='bbox 736 469 912 533; x_wconf 84' lang='lat' dir='ltr'><strong>vulneribus</strong></span> <span class='ocrx_word' id='word_1_14' title='bbox 943 473 1112 550; x_wconf 83' lang='lat' dir='ltr'><strong>inponitur.</strong></span> 
     </span>
    </p>
   </div>
   <div class='ocr_carea' id='block_1_3' title="bbox 127 591 647 685">
    <p class='ocr_par' dir='ltr' id='par_1_3' title="bbox 127 591 647 685">
     <span class='ocr_line' id='line_1_4' title="bbox 127 591 647 685; baseline 0.002 -27"><span class='ocrx_word' id='word_1_15' title='bbox 127 591 171 645; x_wconf 77' lang='lat' dir='ltr'><strong>Pl·</strong></span> <span class='ocrx_word' id='word_1_16' title='bbox 266 604 443 685; x_wconf 76' lang='lat' dir='ltr'><strong>mm.</strong></span> <span class='ocrx_word' id='word_1_17' title='bbox 475 605 524 659; x_wconf 87' lang='lat' dir='ltr'><strong>De</strong></span> <span class='ocrx_word' id='word_1_18' title='bbox 546 617 647 672; x_wconf 85' lang='lat' dir='ltr'><strong>napo.</strong></span> 
     </span>
    </p>
   </div>
   <div class='ocr_carea' id='block_1_4' title="bbox 102 668 1138 2349">
    <p class='ocr_par' dir='ltr' id='par_1_4' title="bbox 102 668 1138 1843">
     <span class='ocr_line' id='line_1_5' title="bbox 102 668 1113 783; baseline 0 -19"><span class='ocrx_word' id='word_1_19' title='bbox 102 668 189 731; x_wconf 51' lang='grc' dir='ltr'><strong>Μ’</strong></span> <span class='ocrx_word' id='word_1_20' title='bbox 267 703 333 764; x_wconf 91' lang='lat' dir='ltr'><strong>Non</strong></span> <span class='ocrx_word' id='word_1_21' title='bbox 351 722 439 764; x_wconf 92' lang='lat' dir='ltr'><strong>unam</strong></span> <span class='ocrx_word' id='word_1_22' title='bbox 460 704 642 782; x_wconf 83' lang='lat' dir='ltr'><strong>eandemque</strong></span> <span class='ocrx_word' id='word_1_23' title='bbox 657 707 798 764; x_wconf 84' lang='lat' dir='ltr'><strong>virtutem</strong></span> <span class='ocrx_word' id='word_1_24' title='bbox 818 705 850 763; x_wconf 89' lang='lat' dir='ltr'><strong>in</strong></span> <span class='ocrx_word' id='word_1_25' title='bbox 867 680 1113 783; x_wconf 41' lang='lat' dir='ltr'><strong>omuibus‘napis</strong></span> 
     </span>
     <span class='ocr_line' id='line_1_6' title="bbox 200 790 1112 870; baseline 0.001 -19"><span class='ocrx_word' id='word_1_26' title='bbox 200 801 321 870; x_wconf 81' lang='lat' dir='ltr'><strong>experta</strong></span> <span class='ocrx_word' id='word_1_27' title='bbox 353 792 497 853; x_wconf 92' lang='lat' dir='ltr'><strong>medicina</strong></span> <span class='ocrx_word' id='word_1_28' title='bbox 531 800 585 853; x_wconf 88' lang='lat' dir='ltr'><strong>est.</strong></span> <span class='ocrx_word' id='word_1_29' title='bbox 630 792 687 853; x_wconf 90' lang='lat' dir='ltr'><strong>boc</strong></span> <span class='ocrx_word' id='word_1_30' title='bbox 724 795 804 852; x_wconf 90' lang='lat' dir='ltr'><strong>onim</strong></span> <span class='ocrx_word' id='word_1_31' title='bbox 838 790 919 870; x_wconf 88' lang='lat' dir='ltr'><strong>quod</strong></span> <span class='ocrx_word' id='word_1_32' title='bbox 956 791 1112 870; x_wconf 81' lang='lat' dir='ltr'>angulosis</span> 
     </span>
     <span class='ocr_line' id='line_1_7' title="bbox 199 879 1134 962; baseline 0.002 -23"><span class='ocrx_word' id='word_1_33' title='bbox 199 880 339 940; x_wconf 84' lang='lat' dir='ltr'><strong>loliorum</strong></span> <span class='ocrx_word' id='word_1_34' title='bbox 375 879 509 940; x_wconf 92' lang='lat' dir='ltr'><strong>caulibus</strong></span> <span class='ocrx_word' id='word_1_35' title='bbox 541 880 576 941; x_wconf 90' lang='lat' dir='ltr'><strong>ad</strong></span> <span class='ocrx_word' id='word_1_36' title='bbox 614 881 714 941; x_wconf 90' lang='lat' dir='ltr'><strong>anetbi</strong></span> <span class='ocrx_word' id='word_1_37' title='bbox 750 879 978 941; x_wconf 87' lang='lat' dir='ltr'><strong>similitudinem</strong></span> <span class='ocrx_word' id='word_1_38' title='bbox 1015 879 1134 962; x_wconf 69' lang='lat' dir='ltr'><strong>doreti</strong></span> 
     </span>
     <span class='ocr_line' id='line_1_8' title="bbox 199 967 1108 1047; baseline 0.002 -20"><span class='ocrx_word' id='word_1_39' title='bbox 199 970 314 1028; x_wconf 84' lang='lat' dir='ltr'><strong>vesicae</strong></span> <span class='ocrx_word' id='word_1_40' title='bbox 328 967 473 1028; x_wconf 84' lang='lat' dir='ltr'>laboranti</span> <span class='ocrx_word' id='word_1_41' title='bbox 491 971 622 1047; x_wconf 78' lang='lat' dir='ltr'><strong>itemque</strong></span> <span class='ocrx_word' id='word_1_42' title='bbox 642 969 826 1030; x_wconf 77' lang='lat' dir='ltr'><strong>cessantibus</strong></span> <span class='ocrx_word' id='word_1_43' title='bbox 840 969 1009 1029; x_wconf 80' lang='lat' dir='ltr'><strong>menstruis</strong></span> <span class='ocrx_word' id='word_1_44' title='bbox 1027 970 1108 1030; x_wconf 86' lang='lat' dir='ltr'><strong>lomi·</strong></span> 
     </span>
     <span class='ocr_line' id='line_1_9' title="bbox 199 1055 1102 1135; baseline 0.003 -20"><span class='ocrx_word' id='word_1_45' title='bbox 199 1073 304 1116; x_wconf 90' lang='lat' dir='ltr'><strong>narum</strong></span> <span class='ocrx_word' id='word_1_46' title='bbox 337 1056 494 1116; x_wconf 88' lang='lat' dir='ltr'><strong>decoctum</strong></span> <span class='ocrx_word' id='word_1_47' title='bbox 526 1076 561 1117; x_wconf 86' lang='lat' dir='ltr'><strong>ex</strong></span> <span class='ocrx_word' id='word_1_48' title='bbox 594 1076 669 1135; x_wconf 92' lang='lat' dir='ltr'><strong>aqua</strong></span> <span class='ocrx_word' id='word_1_49' title='bbox 701 1057 796 1118; x_wconf 87' lang='lat' dir='ltr'><strong>mulsa</strong></span> <span class='ocrx_word' id='word_1_50' title='bbox 826 1055 900 1117; x_wconf 88' lang='lat' dir='ltr'><strong>utile</strong></span> <span class='ocrx_word' id='word_1_51' title='bbox 928 1057 1102 1118; x_wconf 80' lang='lat' dir='ltr'><strong>existimant</strong></span> 
     </span>
     <span class='ocr_line' id='line_1_10' title="bbox 198 1143 1096 1225; baseline 0.001 -22"><span class='ocrx_word' id='word_1_52' title='bbox 198 1161 254 1222; x_wconf 88' lang='lat' dir='ltr'><strong>per</strong></span> <span class='ocrx_word' id='word_1_53' title='bbox 271 1161 356 1222; x_wconf 60' lang='lat' dir='ltr'><strong>⁸quae</strong></span> <span class='ocrx_word' id='word_1_54' title='bbox 384 1163 445 1204; x_wconf 89' lang='lat' dir='ltr'><strong>nou</strong></span> <span class='ocrx_word' id='word_1_55' title='bbox 476 1144 566 1205; x_wconf 90' lang='lat' dir='ltr'><strong>dubie</strong></span> <span class='ocrx_word' id='word_1_56' title='bbox 599 1146 767 1206; x_wconf 85' lang='lat' dir='ltr'><strong>ostenditur</strong></span> <span class='ocrx_word' id='word_1_57' title='bbox 799 1144 925 1205; x_wconf 83' lang='lat' dir='ltr'><strong>calidam</strong></span> <span class='ocrx_word' id='word_1_58' title='bbox 953 1143 1096 1225; x_wconf 73' lang='lat' dir='ltr'><strong>parntem</strong></span> 
     </span>
     <span class='ocr_line' id='line_1_11' title="bbox 200 1233 1095 1312; baseline 0.001 -21"><span class='ocrx_word' id='word_1_59' title='bbox 200 1233 347 1292; x_wconf 86' lang='lat' dir='ltr'><strong>virtutem.</strong></span> <span class='ocrx_word' id='word_1_60' title='bbox 389 1251 633 1312; x_wconf 77' lang='lat' dir='ltr'><strong>semenquoque</strong></span> <span class='ocrx_word' id='word_1_61' title='bbox 657 1236 722 1294; x_wconf 86' lang='lat' dir='ltr'><strong>eius</strong></span> <span class='ocrx_word' id='word_1_62' title='bbox 752 1242 864 1295; x_wconf 90' lang='lat' dir='ltr'><strong>tostum</strong></span> <span class='ocrx_word' id='word_1_63' title='bbox 888 1241 981 1312; x_wconf 86' lang='lat' dir='ltr'><strong>atque</strong></span> <span class='ocrx_word' id='word_1_64' title='bbox 998 1233 1095 1293; x_wconf 87' lang='lat' dir='ltr'><strong>tritum</strong></span> 
     </span>
     <span class='ocr_line' id='line_1_12' title="bbox 199 1319 1138 1402; baseline 0.001 -22"><span class='ocrx_word' id='word_1_65' title='bbox 199 1319 361 1382; x_wconf 92' lang='lat' dir='ltr'><strong>bibendum</strong></span> <span class='ocrx_word' id='word_1_66' title='bbox 384 1341 420 1382; x_wconf 84' lang='lat' dir='ltr'><strong>ex</strong></span> <span class='ocrx_word' id='word_1_67' title='bbox 443 1340 535 1400; x_wconf 89' lang='lat' dir='ltr'><strong>aquae</strong></span> <span class='ocrx_word' id='word_1_68' title='bbox 560 1321 669 1382; x_wconf 81' lang='lat' dir='ltr'><strong>calidae</strong></span> <span class='ocrx_word' id='word_1_69' title='bbox 694 1322 806 1402; x_wconf 78' lang='lat' dir='ltr'><strong>cyathis</strong></span> <span class='ocrx_word' id='word_1_70' title='bbox 834 1329 981 1400; x_wconf 89' lang='lat' dir='ltr'><strong>quattuor</strong></span> <span class='ocrx_word' id='word_1_71' title='bbox 1003 1319 1138 1401; x_wconf 59' lang='lat' dir='ltr'><strong>dison-1⁰</strong></span> 
     </span>
     <span class='ocr_line' id='line_1_13' title="bbox 198 1407 1104 1491; baseline 0 -22"><span class='ocrx_word' id='word_1_72' title='bbox 198 1411 300 1470; x_wconf 91' lang='lat' dir='ltr'><strong>tericis</strong></span> <span class='ocrx_word' id='word_1_73' title='bbox 322 1409 511 1491; x_wconf 78' lang='lat' dir='ltr'><strong>obtulerunt,</strong></span> <span class='ocrx_word' id='word_1_74' title='bbox 535 1411 586 1470; x_wconf 92' lang='lat' dir='ltr'><strong>sed</strong></span> <span class='ocrx_word' id='word_1_75' title='bbox 608 1413 724 1471; x_wconf 87' lang='lat' dir='ltr'><strong>urinam</strong></span> <span class='ocrx_word' id='word_1_76' title='bbox 747 1411 864 1471; x_wconf 89' lang='lat' dir='ltr'><strong>videtur</strong></span> <span class='ocrx_word' id='word_1_77' title='bbox 886 1407 1104 1470; x_wconf 82' lang='lat' dir='ltr'><strong>inhibereuisi</strong></span> 
     </span>
     <span class='ocr_line' id='line_1_14' title="bbox 198 1497 1103 1578; baseline 0.001 -20"><span class='ocrx_word' id='word_1_78' title='bbox 198 1497 240 1558; x_wconf 94' lang='lat' dir='ltr'><strong>illi</strong></span> <span class='ocrx_word' id='word_1_79' title='bbox 267 1517 323 1578; x_wconf 91' lang='lat' dir='ltr'><strong>pro</strong></span> <span class='ocrx_word' id='word_1_80' title='bbox 352 1499 438 1558; x_wconf 93' lang='lat' dir='ltr'><strong>modo</strong></span> <span class='ocrx_word' id='word_1_81' title='bbox 467 1498 519 1558; x_wconf 92' lang='lat' dir='ltr'><strong>lini</strong></span> <span class='ocrx_word' id='word_1_82' title='bbox 547 1516 648 1559; x_wconf 86' lang='lat' dir='ltr'><strong>semen</strong></span> <span class='ocrx_word' id='word_1_83' title='bbox 681 1499 813 1559; x_wconf 91' lang='lat' dir='ltr'><strong>addatur.</strong></span> <span class='ocrx_word' id='word_1_84' title='bbox 855 1497 987 1558; x_wconf 86' lang='lat' dir='ltr'><strong>alterum</strong></span> <span class='ocrx_word' id='word_1_85' title='bbox 1015 1515 1103 1577; x_wconf 78' lang='lat' dir='ltr'><strong>genus</strong></span> 
     </span>
     <span class='ocr_line' id='line_1_15' title="bbox 198 1585 1101 1666; baseline 0 -20"><span class='ocrx_word' id='word_1_86' title='bbox 198 1594 244 1647; x_wconf 91' lang='lat' dir='ltr'><strong>est</strong></span> <span class='ocrx_word' id='word_1_87' title='bbox 267 1586 347 1665; x_wconf 86' lang='lat' dir='ltr'><strong>quod</strong></span> <span class='ocrx_word' id='word_1_88' title='bbox 370 1586 474 1648; x_wconf 88' lang='lat' dir='ltr'><strong>simile.</strong></span> <span class='ocrx_word' id='word_1_89' title='bbox 488 1587 590 1648; x_wconf 81' lang='lat' dir='ltr'><strong>raiano</strong></span> <span class='ocrx_word' id='word_1_90' title='bbox 609 1605 643 1648; x_wconf 91' lang='lat' dir='ltr'><strong>ac</strong></span> <span class='ocrx_word' id='word_1_91' title='bbox 662 1606 734 1666; x_wconf 88' lang='lat' dir='ltr'><strong>rapo</strong></span> <span class='ocrx_word' id='word_1_92' title='bbox 757 1587 887 1666; x_wconf 85' lang='lat' dir='ltr'><strong>videtur,</strong></span> <span class='ocrx_word' id='word_1_93' title='bbox 910 1585 1101 1647; x_wconf 85' lang='lat' dir='ltr'><strong>laudatissimi</strong></span> 
     </span>
     <span class='ocr_line' id='line_1_16' title="bbox 198 1673 1103 1737; baseline 0.002 -4"><span class='ocrx_word' id='word_1_94' title='bbox 198 1676 319 1734; x_wconf 83' lang='lat' dir='ltr'><strong>seminis</strong></span> <span class='ocrx_word' id='word_1_95' title='bbox 338 1682 369 1736; x_wconf 90' lang='lat' dir='ltr'><strong>et</strong></span> <span class='ocrx_word' id='word_1_96' title='bbox 387 1683 490 1735; x_wconf 90' lang='lat' dir='ltr'><strong>contra</strong></span> <span class='ocrx_word' id='word_1_97' title='bbox 509 1694 621 1736; x_wconf 81' lang='lat' dir='ltr'><strong>venena</strong></span> <span class='ocrx_word' id='word_1_98' title='bbox 642 1677 804 1736; x_wconf 81' lang='lat' dir='ltr'><strong>tortissimi.</strong></span> <span class='ocrx_word' id='word_1_99' title='bbox 832 1673 870 1735; x_wconf 94' lang='lat' dir='ltr'><strong>ob</strong></span> <span class='ocrx_word' id='word_1_100' title='bbox 889 1674 968 1734; x_wconf 86' lang='lat' dir='ltr'><strong>hanc</strong></span> <span class='ocrx_word' id='word_1_101' title='bbox 988 1691 1103 1737; x_wconf 87' lang='lat' dir='ltr'><strong>causam</strong></span> 
     </span>
     <span class='ocr_line' id='line_1_17' title="bbox 197 1763 1137 1843; baseline 0.002 -20"><span class='ocrx_word' id='word_1_102' title='bbox 197 1764 308 1842; x_wconf 87' lang='lat' dir='ltr'><strong>optima</strong></span> <span class='ocrx_word' id='word_1_103' title='bbox 331 1782 466 1843; x_wconf 86' lang='lat' dir='ltr'><strong>quaeque</strong></span> <span class='ocrx_word' id='word_1_104' title='bbox 490 1764 619 1825; x_wconf 88' lang='lat' dir='ltr'><strong>theriaca</strong></span> <span class='ocrx_word' id='word_1_105' title='bbox 644 1767 707 1825; x_wconf 93' lang='lat' dir='ltr'><strong>sine</strong></span> <span class='ocrx_word' id='word_1_106' title='bbox 731 1782 766 1825; x_wconf 92' lang='lat' dir='ltr'><strong>eo</strong></span> <span class='ocrx_word' id='word_1_107' title='bbox 790 1763 869 1824; x_wconf 91' lang='lat' dir='ltr'><strong>nulla</strong></span> <span class='ocrx_word' id='word_1_108' title='bbox 877 1763 1063 1824; x_wconf 66' lang='lat' dir='ltr'><strong>*conticitum</strong></span> <span class='ocrx_word' id='word_1_109' title='bbox 1115 1769 1137 1811; x_wconf 71' lang='lat'><strong>¹⁶</strong></span> 
     </span>
    </p>

    <p class='ocr_par' dir='ltr' id='par_1_5' title="bbox 115 1940 1133 2349">
     <span class='ocr_line' id='line_1_18' title="bbox 115 1940 1103 2013; baseline -0.002 -15"><span class='ocrx_word' id='word_1_110' title='bbox 115 1945 170 2012; x_wconf 85' lang='lat'>(39)</span> <span class='ocrx_word' id='word_1_111' title='bbox 261 1940 417 1999; x_wconf 86' lang='lat' dir='ltr'><strong>Pastinacae</strong></span> <span class='ocrx_word' id='word_1_112' title='bbox 439 1945 481 1999; x_wconf 83' lang='lat' dir='ltr'><strong>ois</strong></span> <span class='ocrx_word' id='word_1_113' title='bbox 504 1941 588 1998; x_wconf 89' lang='lat' dir='ltr'><strong>calida</strong></span> <span class='ocrx_word' id='word_1_114' title='bbox 611 1949 639 1998; x_wconf 90' lang='lat' dir='ltr'><strong>et</strong></span> <span class='ocrx_word' id='word_1_115' title='bbox 660 1949 782 2013; x_wconf 82' lang='lat' dir='ltr'><strong>austera,</strong></span> <span class='ocrx_word' id='word_1_116' title='bbox 805 1941 832 1996; x_wconf 95' lang='lat' dir='ltr'><strong>in</strong></span> <span class='ocrx_word' id='word_1_117' title='bbox 853 1941 943 1998; x_wconf 84' lang='lat' dir='ltr'><strong>radice</strong></span> <span class='ocrx_word' id='word_1_118' title='bbox 966 1946 997 1998; x_wconf 84' lang='lat' dir='ltr'><strong>et</strong></span> <span class='ocrx_word' id='word_1_119' title='bbox 1020 1942 1049 1997; x_wconf 92' lang='lat' dir='ltr'><strong>in</strong></span> <span class='ocrx_word' id='word_1_120' title='bbox 1063 1957 1103 1996; x_wconf 86' lang='lat' dir='ltr'><strong>se·</strong></span> 
     </span>
     <span class='ocr_line' id='line_1_19' title="bbox 198 2023 1106 2083; baseline 0.004 -5"><span class='ocrx_word' id='word_1_121' title='bbox 198 2023 269 2080; x_wconf 90' lang='lat' dir='ltr'><strong>mine</strong></span> <span class='ocrx_word' id='word_1_122' title='bbox 291 2027 439 2083; x_wconf 86' lang='lat' dir='ltr'><strong>constituta</strong></span> <span class='ocrx_word' id='word_1_123' title='bbox 454 2033 505 2082; x_wconf 88' lang='lat' dir='ltr'><strong>est.</strong></span> <span class='ocrx_word' id='word_1_124' title='bbox 535 2026 610 2082; x_wconf 83' lang='lat' dir='ltr'><strong>radix</strong></span> <span class='ocrx_word' id='word_1_125' title='bbox 632 2026 690 2082; x_wconf 88' lang='lat' dir='ltr'><strong>eius</strong></span> <span class='ocrx_word' id='word_1_126' title='bbox 712 2027 738 2081; x_wconf 90' lang='lat' dir='ltr'><strong>iu</strong></span> <span class='ocrx_word' id='word_1_127' title='bbox 762 2025 849 2081; x_wconf 90' lang='lat' dir='ltr'><strong>mulsa</strong></span> <span class='ocrx_word' id='word_1_128' title='bbox 870 2031 949 2082; x_wconf 83' lang='lat' dir='ltr'><strong>cocta</strong></span> <span class='ocrx_word' id='word_1_129' title='bbox 972 2026 1054 2082; x_wconf 90' lang='lat' dir='ltr'><strong>datur</strong></span> <span class='ocrx_word' id='word_1_130' title='bbox 1069 2027 1106 2082; x_wconf 87' lang='lat' dir='ltr'><strong>od</strong></span> 
     </span>
     <span class='ocr_line' id='line_1_20' title="bbox 196 2107 1102 2178; baseline 0.002 -16"><span class='ocrx_word' id='word_1_131' title='bbox 196 2107 321 2164; x_wconf 87' lang='lat' dir='ltr'><strong>iocineris</strong></span> <span class='ocrx_word' id='word_1_132' title='bbox 337 2117 365 2164; x_wconf 87' lang='lat' dir='ltr'><strong>et</strong></span> <span class='ocrx_word' id='word_1_133' title='bbox 386 2108 481 2178; x_wconf 80' lang='lat' dir='ltr'><strong>lienis,</strong></span> <span class='ocrx_word' id='word_1_134' title='bbox 505 2125 601 2165; x_wconf 89' lang='lat' dir='ltr'><strong>renum</strong></span> <span class='ocrx_word' id='word_1_135' title='bbox 616 2117 644 2165; x_wconf 88' lang='lat' dir='ltr'><strong>et</strong></span> <span class='ocrx_word' id='word_1_136' title='bbox 665 2108 819 2165; x_wconf 88' lang='lat' dir='ltr'><strong>lumborum</strong></span> <span class='ocrx_word' id='word_1_137' title='bbox 835 2108 954 2165; x_wconf 88' lang='lat' dir='ltr'><strong>dolores.</strong></span> <span class='ocrx_word' id='word_1_138' title='bbox 994 2111 1023 2165; x_wconf 90' lang='lat' dir='ltr'><strong>in</strong></span> <span class='ocrx_word' id='word_1_139' title='bbox 1046 2108 1102 2166; x_wconf 89' lang='lat' dir='ltr'><strong>cibo</strong></span> 
     </span>
     <span class='ocr_line' id='line_1_21' title="bbox 196 2191 1102 2265; baseline 0.003 -20"><span class='ocrx_word' id='word_1_140' title='bbox 196 2191 304 2263; x_wconf 86' lang='lat' dir='ltr'><strong>saepius</strong></span> <span class='ocrx_word' id='word_1_141' title='bbox 332 2199 441 2265; x_wconf 87' lang='lat' dir='ltr'><strong>sumpta</strong></span> <span class='ocrx_word' id='word_1_142' title='bbox 464 2207 589 2247; x_wconf 87' lang='lat' dir='ltr'><strong>venerem</strong></span> <span class='ocrx_word' id='word_1_143' title='bbox 616 2192 745 2248; x_wconf 85' lang='lat' dir='ltr'><strong>stimulat.</strong></span> <span class='ocrx_word' id='word_1_144' title='bbox 784 2209 876 2250; x_wconf 87' lang='lat' dir='ltr'><strong>semen</strong></span> <span class='ocrx_word' id='word_1_145' title='bbox 903 2193 962 2248; x_wconf 89' lang='lat' dir='ltr'><strong>eius</strong></span> <span class='ocrx_word' id='word_1_146' title='bbox 987 2210 1021 2249; x_wconf 83' lang='lat' dir='ltr'><strong>ex</strong></span> <span class='ocrx_word' id='word_1_147' title='bbox 1042 2195 1102 2249; x_wconf 84' lang='lat' dir='ltr'><strong>vino</strong></span> 
     </span>
     <span class='ocr_line' id='line_1_22' title="bbox 197 2275 1133 2349; baseline 0.003 -20"><span class='ocrx_word' id='word_1_148' title='bbox 197 2275 289 2331; x_wconf 75' lang='lat' dir='ltr'><strong>tultum</strong></span> <span class='ocrx_word' id='word_1_149' title='bbox 301 2282 438 2331; x_wconf 87' lang='lat' dir='ltr'><strong>menstrua</strong></span> <span class='ocrx_word' id='word_1_150' title='bbox 453 2281 594 2349; x_wconf 83' lang='lat' dir='ltr'><strong>provocat,</strong></span> <span class='ocrx_word' id='word_1_151' title='bbox 610 2282 638 2331; x_wconf 87' lang='lat' dir='ltr'><strong>et</strong></span> <span class='ocrx_word' id='word_1_152' title='bbox 653 2278 793 2332; x_wconf 81' lang='lat' dir='ltr'><strong>matricum</strong></span> <span class='ocrx_word' id='word_1_153' title='bbox 809 2276 1003 2334; x_wconf 78' lang='lat' dir='ltr'><strong>suffocationes</strong></span> <span class='ocrx_word' id='word_1_154' title='bbox 1020 2282 1098 2334; x_wconf 86' lang='lat' dir='ltr'><strong>sanat.</strong></span> <span class='ocrx_word' id='word_1_155' title='bbox 1111 2281 1133 2322; x_wconf 73' lang='lat' dir='ltr'><strong>tt</strong></span> 
     </span>
    </p>
   </div>
   <div class='ocr_carea' id='block_1_5' title="bbox 116 2412 1100 2740">
    <p class='ocr_par' dir='ltr' id='par_1_6' title="bbox 116 2412 1100 2740">
     <span class='ocr_line' id='line_1_23' title="bbox 116 2412 1100 2489; baseline 0.001 -21"><span class='ocrx_word' id='word_1_156' title='bbox 116 2422 171 2489; x_wconf 82' lang='lat'>(40)</span> <span class='ocrx_word' id='word_1_157' title='bbox 261 2412 328 2487; x_wconf 84' lang='lat' dir='ltr'><strong>Napi</strong></span> <span class='ocrx_word' id='word_1_158' title='bbox 350 2412 504 2469; x_wconf 84' lang='lat' dir='ltr'><strong>calidissimi</strong></span> <span class='ocrx_word' id='word_1_159' title='bbox 525 2419 590 2468; x_wconf 88' lang='lat' dir='ltr'><strong>suut</strong></span> <span class='ocrx_word' id='word_1_160' title='bbox 605 2420 632 2469; x_wconf 88' lang='lat' dir='ltr'><strong>et</strong></span> <span class='ocrx_word' id='word_1_161' title='bbox 652 2413 816 2470; x_wconf 85' lang='lat' dir='ltr'><strong>conturbant</strong></span> <span class='ocrx_word' id='word_1_162' title='bbox 837 2430 948 2488; x_wconf 89' lang='lat' dir='ltr'><strong>corpus.</strong></span> <span class='ocrx_word' id='word_1_163' title='bbox 982 2431 1038 2470; x_wconf 93' lang='lat' dir='ltr'><strong>non</strong></span> <span class='ocrx_word' id='word_1_164' title='bbox 1059 2412 1100 2469; x_wconf 90' lang='lat' dir='ltr'><strong>ds·</strong></span> 
     </span>
     <span class='ocr_line' id='line_1_24' title="bbox 196 2496 1099 2572; baseline -0.002 -18"><span class='ocrx_word' id='word_1_165' title='bbox 196 2496 348 2571; x_wconf 79' lang='lat' dir='ltr'><strong>ducuntur,</strong></span> <span class='ocrx_word' id='word_1_166' title='bbox 370 2497 419 2554; x_wconf 86' lang='lat' dir='ltr'><strong>sed</strong></span> <span class='ocrx_word' id='word_1_167' title='bbox 439 2497 607 2572; x_wconf 79' lang='lat' dir='ltr'><strong>minguntur.</strong></span> <span class='ocrx_word' id='word_1_168' title='bbox 645 2498 718 2553; x_wconf 87' lang='lat' dir='ltr'><strong>tritis</strong></span> <span class='ocrx_word' id='word_1_169' title='bbox 740 2515 802 2555; x_wconf 84' lang='lat' dir='ltr'><strong>curn</strong></span> <span class='ocrx_word' id='word_1_170' title='bbox 823 2497 902 2555; x_wconf 87' lang='lat' dir='ltr'><strong>melle</strong></span> <span class='ocrx_word' id='word_1_171' title='bbox 925 2497 1099 2572; x_wconf 70' lang='lat' dir='ltr'><strong>dysentericis</strong></span> 
     </span>
     <span class='ocr_line' id='line_1_25' title="bbox 195 2581 1098 2657; baseline -0.003 -18"><span class='ocrx_word' id='word_1_172' title='bbox 195 2581 357 2657; x_wconf 84' lang='lat' dir='ltr'><strong>cataplasma</strong></span> <span class='ocrx_word' id='word_1_173' title='bbox 373 2582 526 2639; x_wconf 91' lang='lat' dir='ltr'><strong>umbilicum</strong></span> <span class='ocrx_word' id='word_1_174' title='bbox 543 2589 676 2638; x_wconf 82' lang='lat' dir='ltr'><strong>eirenes.</strong></span> <span class='ocrx_word' id='word_1_175' title='bbox 710 2598 802 2639; x_wconf 88' lang='lat' dir='ltr'><strong>semen</strong></span> <span class='ocrx_word' id='word_1_176' title='bbox 817 2584 874 2638; x_wconf 90' lang='lat' dir='ltr'><strong>eius</strong></span> <span class='ocrx_word' id='word_1_177' title='bbox 891 2591 987 2639; x_wconf 88' lang='lat' dir='ltr'><strong>contra</strong></span> <span class='ocrx_word' id='word_1_178' title='bbox 1003 2596 1098 2639; x_wconf 85' lang='lat' dir='ltr'><strong>venena</strong></span> 
     </span>
     <span class='ocr_line' id='line_1_26' title="bbox 195 2664 1060 2740; baseline 0.003 -19"><span class='ocrx_word' id='word_1_179' title='bbox 195 2673 289 2740; x_wconf 88' lang='lat' dir='ltr'><strong>potum</strong></span> <span class='ocrx_word' id='word_1_180' title='bbox 313 2667 401 2724; x_wconf 87' lang='lat' dir='ltr'><strong>datur.</strong></span> <span class='ocrx_word' id='word_1_181' title='bbox 438 2684 469 2722; x_wconf 78' lang='lat' dir='ltr'><strong>ex</strong></span> <span class='ocrx_word' id='word_1_182' title='bbox 487 2668 547 2723; x_wconf 89' lang='lat' dir='ltr'><strong>vino</strong></span> <span class='ocrx_word' id='word_1_183' title='bbox 570 2664 694 2722; x_wconf 85' lang='lat' dir='ltr'><strong>similiter</strong></span> <span class='ocrx_word' id='word_1_184' title='bbox 715 2673 809 2740; x_wconf 91' lang='lat' dir='ltr'><strong>potum</strong></span> <span class='ocrx_word' id='word_1_185' title='bbox 824 2667 936 2723; x_wconf 88' lang='lat' dir='ltr'><strong>urinam</strong></span> <span class='ocrx_word' id='word_1_186' title='bbox 959 2675 1060 2725; x_wconf 86' lang='lat' dir='ltr'><strong>moret.</strong></span> 
     </span>
    </p>
   </div>
   <div class='ocr_carea' id='block_1_6' title="bbox 88 2831 1098 3048">
    <p class='ocr_par' dir='ltr' id='par_1_7' title="bbox 88 2831 1098 3048">
     <span class='ocr_line' id='line_1_27' title="bbox 109 2831 1097 2916; baseline 0.006 -33"><span class='ocrx_word' id='word_1_187' title='bbox 109 2899 116 2912; x_wconf 91' lang='lat'><strong>.</strong></span> <span class='ocrx_word' id='word_1_188' title='bbox 137 2900 143 2912; x_wconf 39' lang='grc' dir='ltr'>Ι</span> <span class='ocrx_word' id='word_1_189' title='bbox 160 2837 174 2883; x_wconf 90' lang='grc'>1</span> <span class='ocrx_word' id='word_1_190' title='bbox 194 2832 351 2899; x_wconf 76' lang='lat' dir='ltr'><strong>praecluso:</strong></span> <span class='ocrx_word' id='word_1_191' title='bbox 371 2848 429 2886; x_wconf 83' lang='lat' dir='ltr'><strong>-sos</strong></span> <span class='ocrx_word' id='word_1_192' title='bbox 445 2833 576 2915; x_wconf 59' lang='lat' dir='ltr'><strong>poltri).</strong></span> <span class='ocrx_word' id='word_1_193' title='bbox 631 2839 647 2888; x_wconf 81' lang='grc'><strong>3</strong></span> <span class='ocrx_word' id='word_1_194' title='bbox 667 2835 696 2887; x_wconf 82' lang='lat' dir='ltr'><strong>et</strong></span> <span class='ocrx_word' id='word_1_195' title='bbox 714 2831 830 2887; x_wconf 82' lang='lat' dir='ltr'><strong>eundem</strong></span> <span class='ocrx_word' id='word_1_196' title='bbox 849 2834 891 2888; x_wconf 83' lang='lat' dir='ltr'><strong>td.</strong></span> <span class='ocrx_word' id='word_1_197' title='bbox 946 2837 1028 2916; x_wconf 31' lang='lat' dir='ltr'><strong>tuest</strong></span> <span class='ocrx_word' id='word_1_198' title='bbox 1044 2850 1097 2889; x_wconf 88' lang='lat' dir='ltr'><strong>me-</strong></span> 
     </span>
     <span class='ocr_line' id='line_1_28' title="bbox 88 2899 1098 3048; baseline 0.006 -23"><span class='ocrx_word' id='word_1_199' title='bbox 88 2899 656 3040; x_wconf 59' lang='lat' dir='ltr'><strong>intuitiltittdlitdttttf·</strong></span> <span class='ocrx_word' id='word_1_200' title='bbox 674 2906 786 3048; x_wconf 56' lang='lat' dir='ltr'><strong>inti</strong></span> <span class='ocrx_word' id='word_1_201' title='bbox 804 2910 876 3044; x_wconf 65' lang='lat' dir='ltr'><strong>ab</strong></span> <span class='ocrx_word' id='word_1_202' title='bbox 887 2905 1098 3048; x_wconf 59' lang='lat' dir='ltr'><strong>“ifilddiili</strong></span> 
     </span>
    </p>
   </div>
   <div class='ocr_carea' id='block_1_7' title="bbox 85 3055 1097 3638">
    <p class='ocr_par' dir='ltr' id='par_1_8' title="bbox 85 3055 1097 3638">
     <span class='ocr_line' id='line_1_29' title="bbox 87 3055 1097 3144; baseline 0.006 -22"><span class='ocrx_word' id='word_1_203' title='bbox 87 3069 123 3123; x_wconf 83' lang='lat' dir='ltr'><strong>rb</strong></span> <span class='ocrx_word' id='word_1_204' title='bbox 134 3070 174 3138; x_wconf 89' lang='lat' dir='ltr'><strong>(t).</strong></span> <span class='ocrx_word' id='word_1_205' title='bbox 243 3075 277 3124; x_wconf 91' lang='lat'><strong>10</strong></span> <span class='ocrx_word' id='word_1_206' title='bbox 295 3086 369 3139; x_wconf 80' lang='lat' dir='ltr'><strong>aquo</strong></span> <span class='ocrx_word' id='word_1_207' title='bbox 387 3068 480 3125; x_wconf 82' lang='lat' dir='ltr'><strong>calida</strong></span> <span class='ocrx_word' id='word_1_208' title='bbox 499 3070 605 3140; x_wconf 79' lang='lat' dir='ltr'><strong>ecystis</strong></span> <span class='ocrx_word' id='word_1_209' title='bbox 623 3072 755 3141; x_wconf 82' lang='lat' dir='ltr'><strong>quattuor</strong></span> <span class='ocrx_word' id='word_1_210' title='bbox 771 3087 801 3141; x_wconf 78' lang='lat'><strong>9,</strong></span> <span class='ocrx_word' id='word_1_211' title='bbox 830 3055 868 3141; x_wconf 66' lang='lat' dir='ltr'><strong>ab</strong></span> <span class='ocrx_word' id='word_1_212' title='bbox 891 3071 1097 3144; x_wconf 79' lang='lat' dir='ltr'><strong>calidsecyotis.</strong></span> 
     </span>
     <span class='ocr_line' id='line_1_30' title="bbox 87 3140 1097 3222; baseline 0.009 -30"><span class='ocrx_word' id='word_1_213' title='bbox 87 3159 140 3194; x_wconf 89' lang='lat' dir='ltr'><strong>nn.</strong></span> <span class='ocrx_word' id='word_1_214' title='bbox 159 3156 190 3207; x_wconf 86' lang='lat' dir='ltr'><strong>o,</strong></span> <span class='ocrx_word' id='word_1_215' title='bbox 208 3157 282 3222; x_wconf 74' lang='lat' dir='ltr'><strong>aqua</strong></span> <span class='ocrx_word' id='word_1_216' title='bbox 300 3140 392 3195; x_wconf 80' lang='lat' dir='ltr'><strong>calida</strong></span> <span class='ocrx_word' id='word_1_217' title='bbox 410 3140 499 3210; x_wconf 79' lang='lat' dir='ltr'><strong>oystis</strong></span> <span class='ocrx_word' id='word_1_218' title='bbox 518 3162 571 3197; x_wconf 89' lang='lat'>1111.</span> <span class='ocrx_word' id='word_1_219' title='bbox 591 3142 691 3210; x_wconf 80' lang='lat' dir='ltr'><strong>(etatis.</strong></span> <span class='ocrx_word' id='word_1_220' title='bbox 710 3163 752 3197; x_wconf 87' lang='lat'>111.</span> <span class='ocrx_word' id='word_1_221' title='bbox 771 3145 799 3213; x_wconf 88' lang='lat' dir='ltr'><strong>d)</strong></span> <span class='ocrx_word' id='word_1_222' title='bbox 819 3142 1097 3216; x_wconf 76' lang='lat' dir='ltr'><strong>ld.1dysen(ino)te·</strong></span> 
     </span>
     <span class='ocr_line' id='line_1_31' title="bbox 87 3209 1096 3354; baseline 0.008 -20"><span class='ocrx_word' id='word_1_223' title='bbox 87 3209 324 3350; x_wconf 65' lang='lat' dir='ltr'><strong>lissiniii‘liii&#39;</strong></span> <span class='ocrx_word' id='word_1_224' title='bbox 339 3212 900 3354; x_wconf 57' lang='lat' dir='ltr'><strong>lt&gt;d³⁸⁹¹l2dpil¹l⁸iiiftidiiilil</strong></span> <span class='ocrx_word' id='word_1_225' title='bbox 949 3219 1096 3342; x_wconf 61' lang='lat' dir='ltr'><strong>tutti·</strong></span> 
     </span>
     <span class='ocr_line' id='line_1_32' title="bbox 85 3351 1096 3423; baseline 0.003 -16"><span class='ocrx_word' id='word_1_226' title='bbox 85 3351 186 3407; x_wconf 84' lang='lat' dir='ltr'><strong>tissimi</strong></span> <span class='ocrx_word' id='word_1_227' title='bbox 208 3354 460 3423; x_wconf 75' lang='lat' dir='ltr'><strong>ptloudontissimi</strong></span> <span class='ocrx_word' id='word_1_228' title='bbox 479 3356 556 3423; x_wconf 84' lang='lat' dir='ltr'><strong>vld):</strong></span> <span class='ocrx_word' id='word_1_229' title='bbox 584 3353 734 3409; x_wconf 81' lang='lat' dir='ltr'><strong>lautissimi</strong></span> <span class='ocrx_word' id='word_1_230' title='bbox 752 3356 797 3410; x_wconf 81' lang='lat' dir='ltr'><strong>rb.</strong></span> <span class='ocrx_word' id='word_1_231' title='bbox 854 3363 887 3410; x_wconf 83' lang='lat'><strong>14</strong></span> <span class='ocrx_word' id='word_1_232' title='bbox 909 3355 928 3410; x_wconf 87' lang='lat' dir='ltr'><strong>f.</strong></span> <span class='ocrx_word' id='word_1_233' title='bbox 947 3357 1064 3412; x_wconf 84' lang='lat' dir='ltr'><strong>seminis</strong></span> <span class='ocrx_word' id='word_1_234' title='bbox 1081 3358 1096 3410; x_wconf 88' lang='lat' dir='ltr'><strong>b</strong></span> 
     </span>
     <span class='ocr_line' id='line_1_33' title="bbox 86 3425 1096 3504; baseline 0.005 -27"><span class='ocrx_word' id='word_1_235' title='bbox 86 3426 207 3504; x_wconf 83' lang='lat' dir='ltr'><strong>(propter</strong></span> <span class='ocrx_word' id='word_1_236' title='bbox 228 3425 443 3494; x_wconf 76' lang='lat' dir='ltr'><strong>dittopropioiom</strong></span> <span class='ocrx_word' id='word_1_237' title='bbox 460 3426 492 3479; x_wconf 81' lang='lat' dir='ltr'><strong>in</strong></span> <span class='ocrx_word' id='word_1_238' title='bbox 509 3442 537 3493; x_wconf 86' lang='lat' dir='ltr'><strong>r,</strong></span> <span class='ocrx_word' id='word_1_239' title='bbox 560 3425 610 3479; x_wconf 75' lang='lat' dir='ltr'><strong>obi</strong></span> <span class='ocrx_word' id='word_1_240' title='bbox 627 3426 679 3480; x_wconf 81' lang='lat' dir='ltr'><strong>sic:</strong></span> <span class='ocrx_word' id='word_1_241' title='bbox 707 3426 747 3494; x_wconf 85' lang='lat' dir='ltr'><strong>„l.</strong></span> <span class='ocrx_word' id='word_1_242' title='bbox 767 3427 881 3482; x_wconf 90' lang='lat' dir='ltr'><strong>seminis</strong></span> <span class='ocrx_word' id='word_1_243' title='bbox 905 3429 934 3482; x_wconf 84' lang='lat' dir='ltr'><strong>et</strong></span> <span class='ocrx_word' id='word_1_244' title='bbox 952 3443 975 3482; x_wconf 88' lang='lat' dir='ltr'><strong>o.</strong></span> <span class='ocrx_word' id='word_1_245' title='bbox 994 3446 1020 3483; x_wconf 86' lang='lat' dir='ltr'><strong>v.</strong></span> <span class='ocrx_word' id='word_1_246' title='bbox 1045 3429 1096 3484; x_wconf 84' lang='lat' dir='ltr'><strong>ior-</strong></span> 
     </span>
     <span class='ocr_line' id='line_1_34' title="bbox 85 3493 1096 3568; baseline 0.006 -21"><span class='ocrx_word' id='word_1_247' title='bbox 85 3493 187 3548; x_wconf 79' lang='lat' dir='ltr'><strong>bssimi</strong></span> <span class='ocrx_word' id='word_1_248' title='bbox 196 3495 318 3551; x_wconf 83' lang='lat' dir='ltr'><strong>seminis.</strong></span> <span class='ocrx_word' id='word_1_249' title='bbox 333 3499 362 3550; x_wconf 80' lang='lat' dir='ltr'><strong>et</strong></span> <span class='ocrx_word' id='word_1_250' title='bbox 372 3498 469 3551; x_wconf 81' lang='lat' dir='ltr'><strong>contra</strong></span> <span class='ocrx_word' id='word_1_251' title='bbox 478 3494 783 3567; x_wconf 61' lang='lat' dir='ltr'><strong>venenatorussimis).</strong></span> <span class='ocrx_word' id='word_1_252' title='bbox 800 3499 805 3568; x_wconf 82' lang='grc' dir='ltr'>Ι</span> <span class='ocrx_word' id='word_1_253' title='bbox 821 3497 1096 3554; x_wconf 66' lang='lat' dir='ltr'><strong>abhorrescant.</strong></span> 
     </span>
     <span class='ocr_line' id='line_1_35' title="bbox 87 3563 1095 3638; baseline 0.006 -21"><span class='ocrx_word' id='word_1_254' title='bbox 87 3563 180 3634; x_wconf 71' lang='lat' dir='ltr'><strong>ibono</strong></span> <span class='ocrx_word' id='word_1_255' title='bbox 198 3567 264 3634; x_wconf 72' lang='lat' dir='ltr'><strong>pol:</strong></span> <span class='ocrx_word' id='word_1_256' title='bbox 284 3583 369 3635; x_wconf 82' lang='lat' dir='ltr'><strong>quom</strong></span> <span class='ocrx_word' id='word_1_257' title='bbox 387 3567 432 3623; x_wconf 84' lang='lat' dir='ltr'><strong>rb.</strong></span> <span class='ocrx_word' id='word_1_258' title='bbox 476 3571 507 3620; x_wconf 80' lang='lat'><strong>15</strong></span> <span class='ocrx_word' id='word_1_259' title='bbox 523 3582 634 3636; x_wconf 89' lang='lat' dir='ltr'><strong>quoque</strong></span> <span class='ocrx_word' id='word_1_260' title='bbox 647 3584 669 3621; x_wconf 85' lang='lat' dir='ltr'><strong>r.</strong></span> <span class='ocrx_word' id='word_1_261' title='bbox 686 3568 690 3633; x_wconf 90' lang='grc' dir='ltr'>Ι</span> <span class='ocrx_word' id='word_1_262' title='bbox 707 3568 786 3622; x_wconf 83' lang='lat' dir='ltr'><strong>nulla</strong></span> <span class='ocrx_word' id='word_1_263' title='bbox 798 3584 850 3638; x_wconf 78' lang='lat' dir='ltr'><strong>pe:</strong></span> <span class='ocrx_word' id='word_1_264' title='bbox 869 3583 919 3624; x_wconf 83' lang='lat' dir='ltr'><strong>om.</strong></span> <span class='ocrx_word' id='word_1_265' title='bbox 939 3569 961 3637; x_wconf 91' lang='lat' dir='ltr'><strong>l,</strong></span> <span class='ocrx_word' id='word_1_266' title='bbox 979 3585 1036 3624; x_wconf 89' lang='lat' dir='ltr'><strong>non</strong></span> <span class='ocrx_word' id='word_1_267' title='bbox 1053 3570 1095 3625; x_wconf 82' lang='lat' dir='ltr'><strong>rb.</strong></span> 
     </span>
    </p>
   </div>
   <div class='ocr_carea' id='block_1_8' title="bbox 0 0 1200 3856">
    <p class='ocr_par' dir='ltr' id='par_1_9' title="bbox 0 0 1200 3856">
     <span class='ocr_line' id='line_1_36' title="bbox 0 0 1200 3856; baseline 0 2"><span class='ocrx_word' id='word_1_268' title='bbox 0 0 1200 3856; x_wconf 95' lang='lat' dir='ltr'><strong> </strong></span> 
     </span>
    </p>
   </div>
  </div>
 </body>
</html>
