2392 3856
459 201 700 266 -191-

69 372 265 445 merguntur,
295 372 400 444 postea
426 382 503 443 aqua
532 366 595 443 ipsa
623 383 692 426 cum
718 367 877 444 pigmentis
905 369 984 428 sicut

70 454 171 515 inlusa
199 460 271 514 sunt
301 451 479 531 decoquitur
511 453 548 513 ad
579 455 697 534 tertias,
729 463 760 515 et
791 454 860 514 inde
888 455 982 518 colata

70 559 215 605 mensura
235 542 302 621 pari
318 559 388 603 cum
410 541 585 621 despumato
603 541 690 602 melle
708 544 864 624 miscetur,
887 544 981 605 molli·

71 650 132 712 que
153 629 287 711 igniculo
305 647 344 691 ne
362 629 505 692 aduratur
523 629 580 690 boc
599 648 695 709 usque
716 631 868 692 incalescit
886 632 980 694 donec

71 719 197 783 subacta
218 721 251 781 in
273 717 370 781 mellis
393 718 622 781 crassitudinem
644 727 784 781 transeat..

136 918 260 977 XLVI.
291 921 341 976 De
362 933 486 989 pruno.

135 1036 235 1101 Pruni
253 1056 359 1100 recens
377 1054 499 1118 pomum
517 1045 651 1098 ventrem
671 1039 805 1120 resolvit,
828 1039 980 1101 stomacho
991 1016 1050 1142 1ss
1052 1093 1069 1140 4

80 1124 445 1208 maronianum,
477 1125 529 1186 sed
560 1144 647 1186 omne
675 1126 732 1188 hoc
760 1129 980 1190 incommodum
1008 1129 1014 1155 ¹
1071 1128 1078 1141 ’

76 1214 162 1279 celeri
186 1214 351 1295 digestione
371 1216 481 1277 linitur.
518 1217 596 1276 sicca
615 1234 675 1276 non
693 1223 808 1277 tantum
827 1217 979 1279 molestiae

73 1302 225 1385 praebent.
262 1303 450 1365 Dioscorides
474 1305 552 1365 sicca
570 1312 654 1364 cocta
677 1302 775 1364 alvum
797 1308 979 1386 restringere

73 1394 229 1455 existimat.
270 1392 349 1473 quod
373 1391 502 1453 Galenus
529 1410 589 1453 non
616 1393 755 1453 inmerito
783 1393 889 1454 lalsum
912 1412 978 1454 csse
998 1386 1061 1441 Gal.

72 1481 235 1544 contendit.
271 1483 338 1561 quis
361 1482 440 1541 enim
468 1483 581 1541 nesciat
608 1499 644 1542 cr
671 1499 758 1561 passo
781 1481 912 1543 discocta
934 1464 1086 1543 vel¹¹¹’3⁵·

72 1570 168 1633 mulso
182 1569 220 1630 ad
239 1568 417 1631 solutionem
431 1571 543 1630 ventris
563 1571 693 1650 operari,
712 1571 896 1650 maximeque
910 1589 979 1650 pro-

73 1658 161 1721 icere
191 1661 217 1719 si
244 1659 402 1720 decoctum
431 1660 530 1737 ipsum
557 1660 605 1718 cui
638 1676 729 1719 sucus
757 1659 905 1721 admixtus
933 1667 979 1720 est

74 1743 254 1809 sorbeatur?
289 1747 361 1808 iacit
387 1755 486 1807 tamen
514 1755 545 1807 et
571 1748 635 1826 ipse
659 1747 841 1808 differentias
870 1748 979 1809 diversi

72 1837 192 1916 generis
218 1837 250 1896 in
275 1837 395 1916 prunis,
423 1845 457 1896 ut
484 1836 597 1914 syriaca
625 1842 740 1896 tantum
767 1844 854 1914 putet
880 1839 979 1897 minus

116 2066 195 2124 'lion
216 2082 271 2122 una
292 2064 440 2140 eademque
455 2067 540 2122 virtus
561 2065 589 2121 in
609 2064 733 2123 omnibus
754 2066 895 2124 citriorum
918 2083 978 2141 par·
997 2071 1054 2138 (71)

71 2150 157 2223 tibus,
180 2150 209 2207 io
224 2151 326 2207 cortice
341 2150 532 2221 thermantica‚
554 2151 582 2206 in
604 2166 685 2207 carne
700 2150 760 2207 alba
774 2149 861 2208 medic
878 2159 979 2226 tempe·

70 2235 311 2306 nucerinum,
341 2235 469 2292 acerrima
496 2235 523 2290 in
547 2236 648 2291 semine
670 2244 698 2291 et
719 2236 847 2310 styptica.
884 2238 979 2294 cortici

71 2321 205 2377 austerior
226 2326 320 2376 natura
348 2335 475 2377 concessa
502 2327 560 2392 est,
587 2335 657 2393 quae
685 2329 816 2393 quantum
838 2319 924 2376 valeat
946 2336 978 2376 er

75 2404 136 2475 ioco
162 2403 247 2461 odore
276 2412 403 2461 testatur.
448 2403 554 2461 modice
580 2411 705 2477 sumptus
734 2411 781 2460 aut
806 2405 835 2461 in
865 2405 978 2478 potionc

78 2482 176 2545 calidus
199 2487 303 2544 diutius
326 2489 459 2545 inmersus
486 2485 647 2545 beneficium
668 2496 789 2543 maturae
816 2486 977 2560 digestionis

74 2579 208 2644 operatur.
247 2588 309 2629 caro
333 2571 390 2628 alba
413 2588 466 2647 qua
487 2573 515 2628 in
537 2572 597 2630 cibo
620 2573 737 2645 utimur,
761 2571 858 2645 llegma
880 2571 978 2643 nutrit,
1024 2572 1040 2605 *

73 2653 203 2713 foramina
227 2657 356 2713 interiora
372 2655 473 2714 claudit
492 2665 520 2713 et
541 2656 711 2714 stomachum
734 2656 879 2730 opprimit,
903 2653 978 2711 tarde

71 2742 199 2817 coquitur
227 2748 255 2797 et
282 2741 482 2815 indigestiones
504 2740 569 2798 lacit
596 2741 750 2798 acrimonia.
789 2756 850 2797 cum
876 2741 979 2796 semine

72 2824 134 2882 utcu
157 2827 262 2882 morsui
284 2827 379 2883 canino
401 2827 546 2884 succurrit.
583 2826 698 2882 incisum
719 2841 781 2882 cum
804 2823 929 2881 omnibus
952 2827 979 2880 in

69 2924 98 2967 sc
120 2917 233 2967 eodum
245 2912 413 2986 serpentium
434 2926 541 2967 morsus
564 2918 592 2966 et
606 2926 707 2966 venena
729 2908 876 2985 longorum
893 2917 979 2966 curat.

140 3128 156 3177 1
176 3123 341 3192 merguntur
358 3123 402 3192 gl:
422 3122 536 3192 -gantur
548 3121 593 3177 rb.
610 3122 732 3192 iporieu
744 3122 788 3191 gl:
807 3120 873 3191 posi
890 3119 935 3174 rb.
981 3123 997 3171 2
1016 3121 1084 3173 sunt

67 3191 414 3262 cml.lndisrtinsyl:
442 3190 1048 3260 omri).lindcrbrin(sc.profri)gl.

67 3268 237 3321 emensum
273 3263 397 3321 oneum
413 3265 459 3334 gl:
478 3279 528 3318 om.
548 3262 707 3333 rblmelli
725 3263 769 3318 rb.
824 3260 1084 3330 ihncusqueglr

67 3333 215 3407 bucusque
232 3281 277 3391 rb.
303 3336 307 3405 Ι
336 3335 489 3391 incolerent
506 3337 524 3390 l.
596 3334 763 3390 bsubocte:
791 3333 831 3387 sic
853 3332 962 3401 clud).
999 3332 1083 3399 capit.

67 3412 102 3461 td
125 3422 177 3463 nnc
201 3406 240 3463 rb
268 3406 391 3476 (primns
416 3407 475 3476 ipse
497 3407 572 3462 edidi
594 3408 626 3461 in
647 3405 893 3470 Anecd.11,130).
975 3407 1010 3456 10
1033 3418 1083 3472 gc-

67 3475 160 3560 lienus
175 3478 227 3553 gl..
273 3484 306 3533 ta
325 3477 408 3548 ipsud
425 3494 452 3548 g.
507 3484 541 3532 14
560 3477 706 3533 sorbeatur
723 3492 752 3545 g:
777 3473 905 3529 sorbetur
922 3473 940 3530 l.
996 3478 1029 3527 15
1049 3472 1084 3526 si·

67 3565 145 3605 neca
162 3564 188 3619 9.
