2392 3856
426 198 646 265 ..95-

90 402 204 459 m
226 401 281 457 Ad
302 401 518 472 hydropicos.

89 519 234 600 Lapidem
255 529 389 600 gagatem
413 521 593 602 hydropicus
623 526 775 586 sisocum
847 531 864 564 ⁴¹

55 617 124 670 »rua
159 607 343 671 liberabitur.
389 613 517 673 vomitus
549 614 648 673 canini
678 616 775 675 ventri
802 625 907 688 aulos,

55 697 201 760 bruatur.
237 698 357 760 sablono
387 698 482 760 calido
505 702 619 762 marino
643 700 773 765 obruun·
800 714 889 776 olda.

55 805 82 849 r.
137 788 278 867 spongiae
320 787 400 848 alrae
437 791 533 849 siccae
574 798 772 869 apponuntur.
801 801 906 865 31118.

55 874 114 957 laps
146 875 280 956 delphini
316 875 445 954 liquatus
479 896 516 938 ox
548 880 615 938 vino
651 877 773 960 bibitur,
800 890 906 956 aaliz

55 972 146 1047 πρίει·
165 964 394 1043 graveolentiam
412 965 535 1027 neribus
558 965 704 1029 obturatis
722 975 773 1029 aut

55 1060 177 1135 mento
200 1055 312 1132 optimo
336 1055 432 1114 tactis.
470 1057 570 1115 cancri
597 1058 704 1118 marini
726 1056 772 1118 vel
835 1059 872 1115 so.

55 1141 180 1207 uelites
211 1144 243 1202 in
275 1142 342 1203 cibo
373 1161 410 1202 ex
446 1144 512 1204 iure
550 1141 771 1223 (sumuntur).

55 1231 112 1297 h
139 1230 233 1291 viride
262 1249 330 1292 cum
361 1231 417 1292 fico
447 1230 558 1310 duplici
585 1232 683 1294 alvum
707 1251 771 1294 eva·
800 1242 888 1307 21151.
935 1296 938 1300 ,

55 1322 98 1401 η’,
136 1318 220 1380 scilla
243 1319 377 1381 sublecta
405 1319 521 1398 linguae
550 1322 630 1381 sitim
654 1338 770 1399 compe-
801 1331 888 1394 iope.

55 1402 88 1477 ι
123 1407 226 1469 scillae
255 1407 365 1469 bulbus
393 1416 538 1487 torretur,
567 1407 673 1469 deiude
702 1426 771 1487 pur·
800 1419 905 1483 aomo.

55 1502 108 1565 tras·
140 1503 173 1557 et
204 1496 335 1558 medium
366 1499 431 1557 eius
458 1498 489 1557 iu
521 1513 597 1574 aqua
624 1498 772 1578 coquitur,

55 1600 90 1649 Ι
122 1583 275 1659 madidum
307 1592 354 1646 est
385 1587 538 1666 eximitur,
574 1603 610 1646 ex
644 1603 680 1646 eo
710 1594 772 1646 tres

55 1672 102 1737 oli
123 1672 235 1734 danim
257 1675 342 1753 potui
364 1692 401 1735 ex
425 1672 511 1735 melle
534 1681 564 1734 et
587 1682 684 1735 aceto:
707 1692 771 1735 eva·

55 1769 129 1824 atur
154 1780 208 1840 per
230 1764 355 1823 urinam.
393 1764 493 1841 sinape
517 1771 547 1822 et
573 1761 647 1822 licus
671 1769 701 1822 et
724 1780 771 1840 cy·
800 1771 904 1835 20331.

55 1867 137 1913 num
168 1852 271 1929 aequis
299 1849 435 1936 partibus
463 1858 529 1911 tusa
555 1851 652 1911 ventri
678 1851 771 1929 impo-

55 1946 146 2001 mtur.
183 1938 258 1999 ficus
281 1941 376 1999 siccae
400 1946 572 2017 coquuntur
590 1945 621 1997 et
644 1956 680 1998 ex
703 1940 771 1999 vino
799 1947 904 2010 23121.

61 2024 228 2106 absynthio
246 2026 472 2106 suffunduntur,
495 2026 590 2086 lariua
607 2023 772 2087 hordeacea

55 2114 121 2179 lito
141 2116 245 2176 ¹nitro:
277 2118 374 2176 omnia
402 2117 433 2175 in
456 2133 550 2176 unum
573 2122 772 2177 conteruntur

66 2206 115 2265 ita
139 2205 343 2287 imponuntur.
380 2203 450 2263 folia
467 2204 557 2283 myrti
580 2205 612 2263 in
629 2205 698 2264 rino
722 2205 770 2265 de·
799 2214 903 2278 13161.

55 2299 106 2354 cta
130 2296 329 2353 conteruntur
347 2299 378 2352 et
395 2310 432 2352 ex
451 2310 486 2351 oo
504 2293 572 2352 vino
595 2291 654 2353 duo
674 2292 772 2373 cyathi

55 2380 105 2442 dui
128 2378 247 2441 dantur.
284 2379 399 2441 radices
423 2379 556 2440 sambuci
578 2382 610 2441 in
628 2382 696 2441 vino
720 2380 769 2440 do·
799 2389 886 2452 14151.

55 2476 195 2546 *quantur
223 2476 253 2528 et
284 2487 320 2529 cx
353 2468 458 2529 codem
483 2470 552 2528 vino
582 2467 641 2528 duo
658 2467 771 2551 ¹cyathi

55 2726 529 2880 murmuramus
551 2723 1038 2879 ,zalttauuaetdtt

55 2867 143 2924 imant
159 2869 187 2925 d.
237 2875 253 2922 8
272 2868 385 2924 sablone
405 2868 524 2938 (harenc
540 2864 657 2922 litorum
671 2866 740 2937 Pil:
758 2885 789 2921 m
807 2866 906 2924 sabulo
920 2867 956 2922 rb
974 2867 1038 2936 (aab

55 2954 86 2995 re
100 2938 163 3008 br).
208 2938 317 2995 lsicce
335 2937 404 2993 affre
417 2939 443 2994 d.
491 2943 640 3006 ogravem
658 2937 793 2994 olentium
806 2939 852 2994 dr.
904 2937 1037 2993 aucus

55 3024 135 3065 aer:
154 3008 202 3064 -lie
220 3009 273 3079 db,
292 3008 582 3078 flu(u1ales>ioroe.
600 3010 881 3078 9⁰.lsamunturr:
900 3008 1036 3079 clupeo.

55 3084 71 3134 b
90 3078 147 3135 ilco
164 3081 217 3150 pbr
234 3080 289 3136 ficu
307 3081 334 3136 d.
351 3078 466 3149 lulvum
484 3081 603 3134 evacuat
615 3081 652 3139 rb
663 3080 744 3152 (Pl.):
762 3080 870 3137 malm
884 3081 984 3136 evocet
994 3080 1037 3151 qd

74 3150 113 3207 ol.
133 3150 201 3222 loco)
220 3151 245 3207 b.
300 3158 334 3207 10
353 3149 440 3206 Scilla
457 3149 570 3220 (Scilloe
587 3150 813 3237 gil—compescit
828 3151 881 3222 qb:
904 3166 956 3208 om.
974 3152 1002 3207 d.

83 3219 218 3277 eximitur
244 3237 295 3277 oen.
314 3223 339 3277 b.
404 3226 438 3279 14
461 3217 532 3306 oblli
553 3237 579 3291 p.
647 3226 681 3276 15
705 3222 838 3293 Smepem
864 3238 895 3291 p,
923 3222 965 3292 -pi
986 3222 1035 3290 cll

55 3327 164 3396 iamed
201 3333 236 3384 16
245 3326 414 3397 ponderibus
428 3329 485 3396 (ced
497 3343 585 3397 supro
596 3344 648 3384 scr.
663 3327 792 3398 partibus
802 3351 837 3373 -
849 3327 918 3396 qrb,
934 3327 991 3393 Pl.)
1009 3327 1035 3381 d.

57 3401 94 3453 18
111 3396 356 3467 sublundunlurp.
403 3403 436 3454 19
454 3397 552 3455 addito
566 3396 706 3468 nilroyb:
725 3397 896 3466 eddilam
910 3395 1036 3464 niuem,

55 3465 175 3525 dilect
195 3467 271 3524 nitro
288 3486 312 3524 r.
376 3467 618 3525 bomiriinivino
641 3469 667 3525 d.
731 3467 840 3523 ilduo
863 3466 1035 3536 cyatiq(b):

55 3536 92 3593 ali
110 3537 166 3595 duo
184 3541 204 3595 d
222 3541 262 3609 (11.
280 3542 319 3609 r),
338 3555 388 3595 om.
410 3541 455 3594 Pl.
509 3545 544 3594 22
563 3539 660 3594 sabuci
676 3555 702 3608 p.
