2392 3856
415 206 657 272 -177—

98 367 147 420 De
167 365 350 430 sisymbrio.
927 366 1046 432 (ileon-

95 465 273 542 Sisymlrripm
294 469 423 524 virtutem
445 465 526 524 habet
548 466 669 524 calidam.
707 483 800 524 semeu
822 468 881 524 eius
903 436 1031 562 samyt·

56 569 95 610 no
117 560 213 628 potum
235 549 408 610 ‹lililcultutcs
432 551 524 608 urinae
548 550 667 609 calculos
690 551 807 628 frangit,
830 551 935 628 singul·
947 547 1045 647 ΑΜ.)

55 653 89 694 rm
111 643 139 693 et
160 637 297 694 tortiones
318 637 510 693 intestinorum
531 634 616 693 sedat.
656 634 723 693 lolia
744 637 802 692 eius
825 637 888 693 trita
909 642 938 694 et
969 664 999 718 D

55 722 115 779 outl
131 718 173 778 vel
195 718 363 796 temporibus
377 721 495 795 inposita
515 719 637 777 dolorem
654 721 749 796 capitis
764 722 938 796 extinguunt,
947 709 1035 805 215'4,

55 813 128 862 entra
155 805 225 863 letus
248 820 390 879 vesparum
416 803 459 861 vel
486 805 576 878 apium
603 812 730 880 prosunt.
768 821 849 862 sucus
876 805 936 862 eius

55 898 114 948 >tuo
136 890 268 946 vomitum
290 890 441 964 restringit.

96 1076 146 1130 De
164 1075 340 1139 portulaca
357 1072 527 1143 (porcolisca
547 1074 611 1143 Pi).
955 1074 1013 1143 (tu)

93 1175 240 1235 Portulaca
267 1192 363 1234 recens
386 1175 532 1252 refrigerat
560 1170 700 1254 [calefacta
723 1194 787 1234 vero
814 1176 938 1237 calelceit
969 1180 1007 1236 D.

55 1255 248 1339 :relrigerat].
277 1260 311 1317 cd
327 1260 467 1318 oculorum
491 1257 613 1318 tumores
636 1262 698 1318 trita
722 1278 783 1319 cum
805 1279 875 1337 pane
896 1263 937 1319 in·
946 1256 1035 1318 22150·

55 1346 191 1404 collucet
212 1345 368 1421 podagricis
391 1344 471 1402 simili
494 1344 576 1402 modo
599 1344 733 1403 medetur.

95 1535 145 1587 ns
164 1532 299 1586 meum.
957 1535 1013 1603 (44)

91 1632 201 1693 Escarla
228 1635 357 1691 virtutem
385 1632 465 1690 halect
492 1631 615 1690 medendi
643 1633 767 1690 omnibus
795 1631 1036 1698 doloribusundei

55 1720 145 1777 ‚ternis
173 1717 279 1793 hepatis
306 1725 334 1774 et
360 1717 502 1776 stomachi.
541 1733 624 1775 sucus
651 1718 709 1774 eius
737 1734 797 1777 eum
825 1717 937 1794 pulvere

56 1804 132 1880 poris
156 1803 213 1860 triti
234 1803 311 1877 potui
333 1800 419 1862 datur.
456 1801 580 1857 similitor
602 1810 630 1859 et
651 1801 708 1858 ictu
730 1801 820 1860 laesis.

97 1990 146 2042 De
166 1988 338 2041 sbroteno.
956 1986 1012 2056 (45)

93 2091 262 2148 Abrotonum
284 2091 413 2146 virtutem
438 2088 519 2146 habet
546 2087 669 2147 calidam.
705 2088 770 2146 lolia
792 2090 851 2147 elus
874 2090 939 2147 trita
969 2092 1006 2147 D.

55 2191 92 2233 rm
114 2174 192 2232 mulis
214 2173 343 2248 cydonels
365 2180 440 2230 cocta
457 2172 600 2231 oculorum
617 2182 736 2231 tumores
752 2181 855 2233 curant.
891 2175 938 2231 tri·
956 2168 1027 2232 32²⁶·

55 2277 90 2317 rm
105 2266 133 2317 et
149 2266 258 2317 coetum
272 2275 333 2316 cum
353 2256 455 2332 polline
475 2257 627 2316 hordeaceo
649 2257 809 2316 furunculos
824 2260 937 2334 spargit.

55 2359 125 2401 tmen
148 2345 207 2400 elus
229 2343 386 2418 suspiriosis
408 2336 580 2418 (prodest),
604 2343 743 2399 urinarum
765 2340 938 2400 difficultates

55 2425 127 2490 olvit.
159 2436 254 2486 contra
276 2427 450 2502 scorpionum
478 2427 549 2483 lctus
571 2442 632 2484 eum
656 2425 717 2482 vino
747 2433 867 2500 potatur.
904 2441 937 2482 cx

55 2510 100 2569 luo
116 2519 212 2589 potum
236 2519 372 2570 menstrua
395 2519 534 2586 provocat.

407 2646 566 2655 —--—-—

97 2707 148 2762 De
164 2719 382 2772 pannones.
957 2701 1014 2772 (ia)

95 2807 269 2886 Pauaporaco
292 2810 434 2867 causticam
458 2810 584 2865 virtutem
607 2806 688 2864 habet
709 2805 735 2863 ld
751 2813 795 2863 est
816 2803 1040 2864 calidamcmde?

55 2893 96 2952 ilo
119 2893 179 2951 eius
202 2893 231 2951 lu
253 2893 337 2951 mulsa
360 2901 438 2950 cocta
452 2903 516 2966 pota
539 2890 716 2950 tussientibus
738 2896 864 2965 prosunt.
897 2905 940 2946 se·

55 2994 94 3036 on
122 2978 182 3036 eius
209 2980 304 3036 tritum
328 2993 391 3036 cum
418 2979 511 3053 pipere
533 2991 566 3033 ex
588 2975 674 3033 mulsa
700 2984 796 3051 potum
818 2982 939 3031 ventrem

55 3107 57 3115 ,
79 3063 188 3122 urinam
211 3070 303 3120 movet
324 3071 352 3120 et
373 3061 491 3120 calculos
514 3063 541 3117 ln
564 3063 651 3118 vesica
673 3059 787 3135 trangit.

408 3195 568 3209 *ο

98 3232 149 3284 me
167 3231 290 3295 cupreo.
960 3225 1016 3295 (⁶8)

96 3332 222 3410 Ulplcum
249 3331 433 3409 indigestibiie
462 3339 512 3389 est.
560 3347 621 3390 cum
648 3330 711 3387 vino
740 3330 834 3387 tritum
862 3328 1043 3403 potuisses?

55 3423 127 3476 rium
148 3416 291 3476 calculosis
313 3416 435 3493 prodest.

86 3650 155 3692 Plinii
165 3650 261 3692 iunioris
272 3649 388 3694 modiolus
871 3643 913 3692 'ss
