2332 3846
355 214 597 278 -163-

76 377 168 435 etiam
191 375 342 436 molliendi
369 384 560 459 potestatem,
588 381 614 438 si
641 376 756 458 graecis
779 392 879 445 aucto·
896 387 969 443 eoi?

85 464 236 525 credimus
273 466 363 525 etiam
396 466 562 528 nutriendi:
599 468 714 529 nullum
750 470 880 550 denique

51 560 145 613 lerum
166 553 265 614 cibum
285 555 349 613 sine
369 553 477 614 anetho
496 573 562 616 esse
581 559 745 636 potiuntur.
777 577 879 638 oegro-

51 659 98 702 ›us
125 642 249 721 prodest
281 660 349 702 cum
382 661 419 702 ex
447 643 512 704 oleo
544 647 726 724 tepefactum
754 646 879 708 cerebro

50 729 142 790 ditur.
185 732 318 795 creditur
344 731 414 792 dare
441 732 499 792 illis
522 733 635 813 aliquos
658 742 690 795 et
718 734 812 796 febris
835 739 879 795 in-

51 837 78 898 s,
110 820 224 896 mitigat
255 821 359 898 cepitis
386 821 517 903 dolores,
549 841 712 884 nervorum
738 832 879 884 tonsuras

51 913 93 985 at,
127 925 187 966 non
220 907 401 969 dormientes
433 910 468 970 ed
501 929 585 991 spem
617 915 728 992 quietis
764 915 878 974 invitat.

51 993 114 1054 echi
141 996 277 1073 querelas
304 1005 423 1058 coctum
449 1001 481 1059 in
508 1018 601 1078 equae
633 1001 746 1080 cyathis
778 1000 878 1061 tribus

51 1099 72 1142 n
94 1085 170 1143 miro
193 1085 281 1146 modo
308 1086 432 1146 relevat:
464 1096 570 1148 ructus
596 1089 707 1150 indicio
735 1097 795 1170 est,
822 1108 878 1168 per

51 1191 56 1230 ι
87 1172 260 1252 intellegere
289 1173 377 1234 detur
410 1184 512 1254 operta
538 1181 636 1237 omnio
668 1195 745 1256 quac
777 1178 879 1238 clausa

51 1250 154 1320 rebant.
191 1263 373 1339 digestiones
396 1262 527 1323 adiuvat:
549 1265 616 1324 ideo
639 1273 776 1325 ventrem
798 1264 878 1324 ride-

51 1346 190 1406 inhibere.
226 1349 377 1407 intestinis
405 1348 607 1411 laborantibus
631 1359 662 1411 et
691 1354 805 1412 ventris
828 1352 881 1411 do-

51 1434 92 1494 rel
116 1453 152 1494 cx
176 1453 252 1513 equa
274 1435 376 1496 datum
399 1437 431 1495 in
448 1439 569 1516 potione
593 1440 754 1499 succurrit.
792 1440 882 1498 tritae

51 1539 81 1582 es
105 1532 136 1583 et
164 1525 310 1603 inpositae
339 1524 508 1586 fervoribus
530 1526 691 1587 medentur
714 1525 884 1586 oculorum.

64 1613 129 1672 eius
158 1613 314 1692 suspendit
337 1631 425 1673 uvam
448 1613 585 1675 faucibus
612 1618 886 1693 ingravescentem

51 1717 99 1760 um
127 1703 224 1761 acrior
252 1703 328 1762 cinis
357 1710 416 1782 est,
443 1703 517 1763 odeo
546 1710 580 1764 ut
607 1709 757 1764 curentur
785 1720 824 1761 ex
848 1719 887 1760 eo

51 1805 82 1847 ro
103 1807 244 1849 crescens
263 1798 294 1850 et
317 1789 471 1851 sordidum
485 1790 593 1852 vulnus
612 1799 643 1852 ct
662 1808 740 1871 quae
760 1806 889 1867 serpere

54 1884 121 1936 um.
159 1895 262 1937 semen
289 1878 484 1940 fervefactum
514 1879 731 1959 admotumque
760 1876 892 1938 naribus
961 1912 966 1921 ι

51 1961 122 2025 ltire
146 1983 206 2024 non
228 1968 349 2044 patitur.

51 2137 179 2148 ᾕ-

51 2221 143 2269 retum
159 2213 281 2271 celelecit
296 2223 324 2271 et
337 2217 489 2291 restringit.
516 2215 650 2291 prohibet
666 2219 897 2270 sternutamenta
917 2217 976 2282 (38)

52 2314 71 2352 s
96 2299 261 2370 oppositum.
300 2299 438 2357 deiectum
465 2300 604 2358 stomachi
628 2292 760 2377 [curat]‚
790 2296 897 2367 capitis

51 2396 83 2436 m
107 2390 136 2437 et
158 2385 304 2454 vertigines
320 2377 440 2460 [sedet]
477 2386 507 2441 iu
529 2399 602 2456 aqua
624 2390 743 2439 coctum
765 2386 898 2454 potatum

51 2465 162 2520 stiones
178 2473 205 2519 et
221 2482 298 2522 aeres
314 2474 410 2523 ructus
425 2466 511 2524 tollit.
541 2468 572 2520 iu
590 2465 657 2522 oleo
674 2471 790 2526 coctum
806 2463 900 2534 capite

51 2541 110 2600 lem
127 2556 211 2602 uncto
225 2563 352 2604 somnum
367 2549 442 2604 lecit.
472 2564 571 2603 semen
586 2548 650 2603 cius
665 2563 701 2602 ex
716 2547 782 2601 vino
798 2553 899 2617 potum

51 2644 96 2686 res
121 2631 221 2686 ventris
245 2639 272 2687 et
295 2633 495 2687 intestinorum
516 2629 605 2690 tollit.

51 2765 178 2772 ——-

63 2902 270 2973 Agrotentibus
308 2944 315 2956 .
373 2907 450 2953 lex
469 2897 542 2965 pol:
562 2912 616 2950 om.
630 2897 679 2951 rb.
695 2896 701 2962 Ι
717 2894 833 2950 cerebro
851 2892 1011 2965 infunditur

51 2993 77 3029 tc
97 2974 195 3028 crebro
214 2919 342 3044 (ceregro
357 2972 413 3039 br)
433 2967 571 3048 infpsnm
584 2967 632 3021 rb.
685 2964 842 3020 ocrediour
859 2964 934 3020 enim
952 2973 1013 3040 iniS

51 3066 67 3098 ¹..
88 3045 134 3096 rb.
155 3043 160 3114 1
180 3046 210 3099 et
226 3043 314 3099 febris
332 3058 388 3112 po,
413 3037 513 3092 febris
538 3037 604 3104 (om.
623 3038 665 3105 et)
683 3036 707 3090 lc
731 3051 767 3089 ex
783 3033 861 3087 febre
878 3036 922 3090 rb.
945 3042 951 3112 Ι
972 3049 1017 3112 in,

72 3130 90 3167 o
102 3112 141 3182 (l).
197 3122 212 3169 6
231 3114 351 3183 mitiges
372 3110 440 3178 (sic)
461 3122 492 3176 9.
553 3111 569 3160 'l
590 3102 759 3161 dormientis
777 3119 794 3170 9
812 3103 877 3167 (tos
895 3120 981 3190 ope)

51 3185 75 3240 [o
94 3183 195 3240 mirol.
216 3189 221 3252 Ι
245 3184 358 3239 relevat
375 3181 412 3234 ol
423 3177 494 3245 (rb,
511 3175 591 3231 solet
603 3174 748 3245 depellere
762 3171 842 3290 Odopz
864 3181 1016 3280 revelstpq

51 3256 82 3312 io
102 3257 147 3310 est
164 3257 259 3310 ructus
272 3255 320 3308 rb.
382 3255 421 3303 10
442 3245 627 3316 intellegere
645 3245 730 3298 detur
743 3240 810 3319 poll
987 3258 1027 3343 in·

62 3345 81 3382 r
102 3327 148 3394 (cs.
168 3319 419 3394 c.2b).lomnia:
442 3309 805 3400 cfiQdo(osotomnoh1).
851 3313 886 3362 11
906 3323 937 3374 v·
1024 3321 1036 3335 ·

51 3417 80 3454 m
101 3397 120 3450 l.
178 3401 211 3449 12
231 3391 394 3450 coventria
420 3387 534 3443 dolon
558 3387 627 3456 pol:
655 3386 686 3437 ec
706 3378 798 3434 centn
818 3375 865 3429 rb.

51 3464 188 3527 centibus
215 3482 239 3519 r.
305 3465 341 3517 ld
372 3477 397 3514 r.
426 3473 510 3513 vero
543 3455 640 3510 aerior
666 3451 713 3504 rb.
778 3447 811 3494 18
839 3459 923 3510 teme

831 3241 853 3305 )=
873 3241 966 3318 daem

814 3593 874 3642 n*
