2392 3856
441 169 683 235 -175-

49 342 204 413 snmptum
227 335 419 412 scorpionum
442 340 472 394 et
495 350 671 395 arnncorum
692 335 814 395 venenis
837 336 960 415 resistit,

50 422 215 484 cruditates
238 421 370 482 discutit.
403 421 546 483 stomachi
567 440 685 482 morsus
708 440 745 481 ex
767 439 842 500 aqua
866 423 959 484 calida

49 512 154 573 datum
180 509 262 570 lenit.
299 527 368 570 cum
396 509 461 572 oleo
489 518 520 570 et
542 518 625 571 aceto
652 512 756 571 tritum
787 509 958 572 collectum·

50 617 110 679 qne
133 597 236 661 sucida
254 598 320 659 lana
342 598 451 659 luxatis
474 605 504 659 et
523 600 657 659 contusis
674 597 809 677 partibus
827 599 958 677 prodest

115 798 309 856 XXXVIII.
340 800 390 854 Dc
413 797 585 856 scrofano.

22 934 33 975 a
117 916 266 978 Cerelolio
288 919 374 997 ignea
398 918 442 977 ris
466 924 496 977 et
519 918 663 977 acerrima
683 925 737 978 est.
770 925 869 997 potest
887 933 1063 999 cumpfipz,

10 998 13 1067 ἶ
50 1005 137 1068 molle
161 1007 326 1066 canceratis
348 1005 475 1087 mederi,
498 1005 599 1065 lateris
622 1004 740 1066 dolores
758 1005 897 1068 haustum
921 1009 1064 1089 extinto

10 1080 13 1167 l
51 1097 118 1156 rino
147 1095 292 1173 mitigare.
339 1093 458 1174 quidam
477 1092 557 1159 illud
586 1093 651 1154 oleo
680 1096 831 1156 incoctum
859 1075 1002 1177 acopis&
1018 1092 1054 1185 εξ

10 1172 13 1271 ᾗ
50 1183 86 1244 ad
109 1181 280 1244 solvendam
299 1184 438 1244 Iniuriam
458 1183 577 1261 frigoris
595 1183 789 1244 miscuerunt.
826 1202 864 1245 ex
883 1149 1063 1265 aquam)
1117 1195 1120 1202 '

50 1271 147 1333 mulsa
161 1273 298 1350 pituitam
312 1271 447 1352 resolvit,
463 1264 502 1330 'ex
521 1278 605 1331 aceto
624 1269 787 1331 lumbricos
801 1279 832 1333 et
846 1276 959 1334 taenias

26 1361 184 1441 uperimit,
208 1361 325 1420 urinam
343 1361 416 1441 ciet,
439 1368 592 1420 menstrua
615 1358 737 1438 inpellit
767 1360 871 1420 tritum
890 1379 958 1422 cum

49 1467 119 1511 cera
153 1454 183 1508 et
219 1449 344 1527 axungia
376 1454 476 1509 vetere
513 1446 663 1527 parotidas
700 1446 835 1530 discutit,
872 1448 959 1510 solvit

49 1554 171 1599 omnem
194 1544 351 1597 tumorem.

117 1716 327 1776 mm.
358 1721 407 1775 De
430 1717 593 1788 serpyllo,
992 1710 1036 1766 Pl·

118 1836 288 1916 ΒΘΓΡΥΙΙιιιιι
306 1837 434 1898 calidum
448 1835 536 1898 simul
554 1844 585 1896 et
603 1835 688 1897 nubis
707 1836 778 1897 utile
793 1837 957 1898 medicinae
967 1785 1055 1849 20’90‘

50 1944 127 1988 usus
149 1925 289 1986 ostendit
331 1928 436 2008 capitis
464 1925 582 1986 dolores
609 1931 727 1985 coetum
751 1943 787 1985 ex
815 1932 899 1986 aceto
928 1934 958 1987 et

10 2026 121 2076 mcum
144 2031 267 2075 rosaceo
290 2017 418 2094 tempori
436 2032 470 2076 ae
494 2014 584 2074 ironti
603 2013 720 2074 inlitum
740 2015 863 2093 mitigat.
895 2032 957 2075 ser·

115 2258 280 2336 timpanum,
304 2261 539 2334 incendenda,
562 2262 678 2319 calidum
693 2270 751 2336 est,
774 2269 802 2319 et
816 2263 956 2336 mingitur,
989 2262 1033 2330 (cf.

51 2345 161 2403 deducit
182 2346 262 2402 etiam
286 2345 393 2420 llegma.
430 2345 497 2403 elixa
518 2347 546 2402 in
562 2362 631 2419 aqua
652 2354 718 2421 pota
740 2345 875 2403 servorem
898 2331 1063 2402 ΜΛΝ·

56 2430 275 2505 *sanguinis
304 2438 332 2486 et
359 2430 476 2487 coleram
501 2431 657 2503 compescit.
694 2430 826 2485 elixatum
847 2430 905 2485 eius
927 2406 1064 2484 ln¹'’¹²³)·

57 2526 125 2586 aqut
136 2522 215 2572 cocta
238 2515 350 2589 epaticis
370 2523 398 2572 et
421 2512 598 2570 tussientibus
620 2510 742 2587 prodest.
773 2528 805 2568 ex
821 2512 882 2568 vino
898 2510 959 2568 albo

10 2605 41 2656 Ιο
54 2604 161 2655 eodum
182 2606 307 2673 potatum
328 2600 504 2674 scorpionum
526 2604 554 2652 et
568 2611 727 2652 araneorum
749 2597 820 2652 ictus
842 2595 958 2670 mitigat.

50 2681 78 2738 in
100 2682 164 2740 oleo
186 2692 215 2740 et
229 2692 307 2740 aceto
322 2692 429 2741 coctum
451 2683 478 2738 in
500 2681 561 2739 lana
576 2679 669 2739 sucida
690 2680 839 2754 imponitur
861 2679 959 2756 lupatis

51 2774 80 2822 et
100 2765 230 2824 tractans
252 2766 373 2841 prodest.

51 2882 267 2892 ψ...-

124 3009 140 3058 1
159 3019 325 3060 mancorum
338 3020 389 3074 po:
408 3020 536 3058 -uenrum
554 3003 639 3072 abd).
685 3009 702 3071 2
721 3002 889 3058 cruditatem
904 3004 921 3057 l.
938 3003 943 3071 Ι
958 3019 1066 3059 morsos

50 3073 249 3130 stomachirb.
296 3075 452 3130 clanxetis
470 3075 530 3145 (sic)
548 3090 573 3144 p.
620 3074 735 3130 tumet
748 3075 791 3129 ol:
810 3073 852 3129 vis
870 3074 914 3128 ast
931 3075 960 3128 st
973 3075 1064 3144 rom).

86 3144 276 3215 ulatarisqne
294 3147 311 3200 l.
367 3145 523 3211 IQnidnm
541 3161 607 3200 vero
624 3144 642 3200 i.
662 3145 706 3201 ri.
729 3147 733 3212 Ι
755 3145 773 3200 i
792 3144 934 3199 incoctum
953 3144 1015 3199 oleo
1033 3161 1067 3200 sc

49 3216 115 3286 pisa
133 3217 201 3286 (pro
219 3217 326 3287 acopis)
344 3217 380 3272 sd
399 3235 420 3273 s.
440 3218 457 3271 l.
521 3215 692 3271 smiscnore
710 3216 754 3271 rb.
808 3215 851 3268 Ex
874 3231 948 3284 equa
972 3217 1066 3270 entem

50 3304 87 3341 m.
101 3289 149 3345 rb.
195 3287 322 3343 Itidem
335 3289 453 3357 popl),
471 3289 571 3357 lyncas
590 3289 607 3342 l.
654 3292 688 3341 10
706 3286 782 3356 impe
793 3285 828 3340 lit
844 3286 890 3340 lu'c
902 3301 953 3355 pc:
972 3287 1067 3356 -psllit

52 3359 139 3485 ignit).
160 3360 169 3428 l
192 3375 255 3414 cum
278 3374 328 3444 cm.
349 3360 366 3413 l.
423 3365 455 3413 11
475 3360 569 3414 vetere
587 3359 659 3441 pole
677 3357 712 3412 -ri
730 3358 774 3412 rb.
796 3358 801 3425 Ι
825 3355 966 3425 solvitque
984 3358 1030 3411 rb.

52 3435 69 3483 1
103 3432 262 3500 timorem(
300 3433 349 3500 )o.
396 3435 429 3484 1³
450 3429 609 3500 serpyllum
623 3431 682 3499 (uc)
697 3444 743 3498 po.
766 3432 771 3496 Ι
795 3429 825 3482 et
837 3427 902 3496 pol:
921 3443 971 3482 om.
985 3428 1030 3484 rb.

53 3506 89 3556 tu
106 3514 178 3556 cnm*
190 3502 256 3572 pol:
276 3517 327 3558 om.
346 3501 391 3556 rb.
