2392 3856
520 201 764 269 -180—

245 367 349 427 lariam
371 366 464 427 divisa
482 367 625 429 cernitur.
657 385 724 427 nam
748 365 845 426 dulcia
864 369 1021 428 continent
1045 367 1158 449 aliquid

245 462 275 515 et
298 455 418 534 caloris,
442 462 472 516 et
494 454 564 515 inde
587 454 756 516 inflationes
778 454 931 515 stomacho
954 466 1079 517 movent
1101 477 1158 519 neo

244 551 309 604 tuto
340 542 578 605 febricitantibus
608 543 673 604 dari
704 550 839 623 possunt
885 542 969 604 acida
1000 546 1158 608 stomacho

245 632 467 694 adcommodata
498 640 569 693 suunt
600 639 631 693 et
661 635 780 693 urinam
811 640 944 714 movent,
980 632 1158 713 pulmonem

245 722 431 801 refrigerant,
444 722 537 783 iecori
552 720 753 782 blandiuntur.
776 719 926 781 vinolenta
938 719 976 781 de
990 725 1181 802 superiori-e

245 809 302 870 hus
316 809 440 890 singulis
453 828 548 889 aequa
565 818 649 889 parte
664 811 826 889 composita
844 808 972 870 medinm
987 810 1050 872 sihi
1062 813 1156 875 vindi·

138 900 185 968 (cf.
202 899 315 958 Rcant
336 905 522 978 potestatem.
560 897 666 959 acerha
693 897 742 958 illa
765 905 836 957 snut
866 896 977 975 quihus
1000 902 1084 961 coria
1106 920 1157 963 cu·

148 976 364 1061 2ἕῑιῧῑιιιιιῑιιι,
391 986 514 1065 trigidae
538 988 678 1048 siccantis
705 987 1002 1065 constringentisque
1029 990 1155 1071 virtute,

155 1044 226 1110 ¹⁰⁷)‘
245 1074 324 1154 quod
353 1074 525 1154 intellegere
557 1074 627 1136 licet
658 1092 727 1136 cum
755 1075 1005 1137 effervescentem
1032 1076 1151 1157 pellium

245 1162 343 1224 lahem
366 1165 435 1224 trita
457 1172 488 1223 et
510 1181 631 1244 aspersa
653 1170 837 1224 consumant.
872 1162 960 1224 cihne
985 1182 1020 1227 er
1038 1166 1181 1245 puuteon

245 1251 345 1313 nullus
373 1259 427 1313 est.
464 1270 532 1312 narn
554 1254 611 1314 etsi
639 1251 778 1313 dentihue
809 1251 984 1334 mandatur,
1014 1252 1088 1315 solue
1107 1251 1143 1313 nh

245 1340 397 1402 stomacho
424 1359 515 1402 sucus
546 1341 692 1402 hauritur.
738 1349 819 1401 recte
846 1342 939 1420 igitur
965 1341 1148 1404 tradiderunt

246 1433 298 1509 qui
321 1438 431 1510 nogant
456 1432 566 1509 punico
590 1448 714 1510 corpora
738 1437 840 1489 nostra
862 1431 975 1492 nutriri
1000 1439 1033 1493 et
1053 1449 1089 1492 eo
1110 1433 1148 1491 sic

245 1521 405 1598 opinantur
432 1518 579 1579 utendum
605 1526 640 1578 ut
667 1517 808 1578 medicari
837 1519 951 1599 potius,
985 1538 1050 1581 uon
1077 1519 1145 1581 alem

247 1606 392 1668 videatur.
1152 1619 1172 1663 lt

168 1695 215 1751 Pl.
313 1694 387 1755 hiala
409 1697 518 1774 punica
541 1697 571 1756 in
599 1696 672 1757 duas
699 1702 799 1774 partes
822 1695 914 1756 divisa
939 1715 1000 1776 per
1023 1695 1146 1759 tridunn

171 1772 215 1834 ²32
246 1785 278 1844 in
305 1801 381 1862 aqua
408 1784 528 1845 caelesti
550 1784 677 1845 madent
714 1783 787 1845 haec
813 1786 898 1864 potui
925 1785 995 1846 data
1019 1784 1147 1849 coeliacis

147 1842 238 1893 Μ’
247 1875 480 1952 sanguinemque
499 1872 676 1934 iactantibus
694 1872 831 1934 salutaris
849 1880 903 1934 est.
938 1874 1039 1936 alvum
1062 1874 1146 1936 lluen·
1184 1928 1186 1933 ,

247 1968 308 2022 tem
335 1963 411 2022 miro
434 1961 523 2022 modo
551 1963 629 2023 sistit
655 1963 798 2040 punicum
824 1963 857 2022 in
883 1961 941 2023 olla
967 1981 1047 2024 nova
1068 1979 1144 2043 oper·

247 2048 315 2110 culo
332 2049 416 2110 inlito
430 2051 462 2108 in
475 2051 564 2110 lurno
579 2058 717 2111 exustum
735 2059 765 2110 et
782 2052 814 2110 in
832 2050 987 2130 pulverem
1000 2051 1170 2113 redactum!

247 2144 278 2196 et
299 2139 331 2196 iu
354 2139 422 2197 vino
444 2139 565 2215 potione
587 2139 774 2217 perductum.

214 2410 339 2467 tdiviea
357 2413 480 2469 cernitur
497 2414 546 2469 rh:
565 2413 657 2469 diviua
675 2431 704 2470 ee
723 2413 909 2483 curritanae,
928 2414 1022 2470 divisa
1038 2411 1143 2472 eeeerni·

140 2484 219 2559 turl.
264 2483 563 2556 eonoreeqmoue).
608 2485 917 2555 atutopvlztuierh.
960 2487 1142 2555 taceamne)
1184 2526 1186 2551 ÷

141 2552 257 2609 modata
269 2569 315 2623 po.
353 2560 369 2609 t
382 2555 460 2611 iecur
473 2555 656 2612 blandiuntur
668 2555 858 2625 (blandienti)
870 2558 911 2612 ot.
927 2557 932 2626 Ι
949 2555 1094 2613 vinulenta
1103 2570 1143 2626 pe.

179 2632 196 2679 o
214 2624 361 2681 vindicent
377 2642 428 2696 pc:
446 2627 598 2682 vendicant
616 2627 701 2696 l(rb.
756 2633 772 2682 t
790 2627 846 2709 illa
862 2643 929 2683 vero
947 2628 1051 2684 acerbe
1068 2645 1090 2711 ⁸:
1105 2626 1141 2681 ri.

164 2695 274 2750 Auerna
290 2712 338 2766 po.
393 2697 630 2754 tierveacentcm
647 2699 678 2752 ta
714 2715 743 2753 m
796 2697 879 2753 iham
895 2699 942 2753 rh.
998 2704 1032 2754 10
1050 2696 1142 2756 mitt.
1182 2756 1186 2799 .'

141 2767 591 2920 „accucurrerunt
606 2769 860 2921 nuatum.
873 2768 1143 2911 cruentet
1183 2802 1186 2881 τ

142 2923 240 2962 sucum
257 2923 283 2977 p.
308 2911 313 2978 1
337 2907 424 2963 Recte
441 2909 529 2979 igitur
546 2910 612 2979 pol:
640 2908 731 2981 Igitur
748 2912 824 2993 recte
841 2912 886 2965 rh.
912 2913 917 2979 Ι
940 2910 1141 2993 tradiderunt!
1182 2970 1186 2991 Σ

142 2981 179 3045 (ut
198 2981 237 3047 c):
261 2996 302 3033 -re
320 2979 365 3033 rb.
431 2982 567 3036 lacteo
591 2980 714 3051 eicpol:
742 2997 776 3036 ec
799 2982 889 3036 sarh.
952 2983 1141 3040 temedium

141 3049 282 3105 medicare
300 3051 367 3120 pol,
390 3050 496 3106 mederi
517 3052 563 3106 rh.
588 3054 593 3119 Ι
617 3052 740 3122 potiml
762 3053 901 3120 (Isidor.)=
928 3054 1015 3122 potue
1032 3069 1086 3125 po,

141 3123 203 3174 tum
220 3121 259 3174 rh
283 3122 329 3190 (cf.
346 3123 380 3176 tn
397 3123 456 3177 alia
473 3139 503 3177 re
519 3123 562 3177 ito
579 3122 642 3178 Gal.
661 3124 694 3178 de
715 3122 862 3207 alimfuc.
880 3126 962 3208 ηδ).
1024 3066 1145 3209 teligit

141 3191 462 3332 &illiniat
479 3193 1146 3346 cumiliacensem-utu

143 3332 243 3415 dentur
255 3335 344 3417 qvid,
362 3336 598 3390 macerantnrrb.
617 3335 621 3405 l
642 3335 720 3391 Haec
732 3337 826 3419 'uelde
854 3353 926 3408 qnae
943 3338 990 3393 rh.
1011 3340 1017 3407 Ι
1042 3337 1146 3409 cyliactt
1183 3348 1186 3375 ¹

142 3403 1146 3560 {litlot”tltpltttt'ttth'u‘tmfittttrllutttt

144 3561 210 3599 vere
224 3561 273 3616 po.
332 3551 366 3600 at
386 3563 453 3603 vmo
471 3548 585 3619 potione
602 3548 692 3618 perid:
710 3548 770 3604 vini
787 3549 931 3619 potionem
948 3551 994 3607 rh.
