2392 3856
453 122 694 188 -183-

69 284 110 344 m.
133 297 181 344 vn
227 285 325 345 omnia
357 284 446 346 simul
473 293 531 345 tam
560 283 610 346 diu
645 284 854 365 decoquuntur
880 286 975 346 donec

67 374 98 433 in
120 371 218 433 mellis
240 390 351 452 corpus
375 373 540 434 crassitudo
563 375 746 454 pinguescat.
783 392 819 435 ex
847 374 903 434 hoc
926 390 975 434 co·

20 494 30 549 3
67 460 165 522 cleare
188 460 300 541 grande
327 459 448 540 plenum
471 464 581 542 optime
610 465 710 524 ieiuno
734 461 855 524 cottidie
879 461 975 523 datur.

25 558 31 617 ·,
67 551 167 630 ipsum
197 566 268 610 vero
300 549 549 612 medicamentum
585 551 744 613 salubriter
778 552 874 611 vitreo
906 568 975 611 vaso

29 634 212 699 'tserratun
249 638 283 699 ilt
305 656 341 699 ex
365 657 401 699 eo
425 648 455 700 et
478 642 557 701 roitu
581 643 714 701 sceuasia
737 657 811 719 quae
836 638 1032 736 omnihus(1)¹
1043 671 1069 734 5,

68 733 136 788 nota
160 734 216 788 est.
1001 742 1054 808 34).

131 924 240 983 xm
272 925 322 983 De
344 927 446 984 melo.

130 1044 323 1106 Dioscorides
350 1046 430 1125 quod
457 1046 494 1107 ad
517 1048 628 1107 aestiva
655 1046 730 1107 mala
757 1049 907 1126 pertineat
933 1047 975 1107 ita
989 1039 1026 1093 D·
1044 1044 1069 1104 1,

15 1172 18 1177 -
68 1135 162 1195 sensit
184 1141 218 1194 ut
246 1151 281 1194 ea
303 1134 441 1196 crederet
463 1135 569 1214 tlegma
596 1137 725 1217 nutrire,
752 1135 830 1197 tellis
852 1134 975 1197 ardores
1000 1115 1059 1164 159·

66 1223 212 1302 excitare,
238 1221 406 1284 inflationes
434 1242 566 1304 movere,
597 1225 731 1285 nervosis
758 1223 894 1302 partibus
921 1225 974 1284 mi·

29 1311 146 1372 anime
169 1313 339 1373 convenire.
376 1310 504 1374 Galenus
528 1331 588 1374 non
611 1313 708 1372 omnia
731 1311 881 1372 reicienda
902 1330 971 1391 pro·
996 1303 1059 1358 Gal,

63 1400 185 1461 uuntiat
212 1398 264 1460 sed
295 1417 370 1478 quae
394 1408 445 1462 aut
467 1403 566 1481 aquati
589 1402 704 1481 saporis
727 1409 778 1461 aut
801 1401 900 1478 asperi
923 1380 1081 1460 aut¹¹¹’⁷⁵·

10 1490 13 1501 '
64 1486 143 1549 acidi
175 1494 226 1548 aut
256 1506 350 1568 prope
378 1491 505 1551 vanitate
534 1489 629 1551 dulcis
661 1497 837 1550 occurrunt:
869 1490 901 1547 in
927 1487 974 1548 his

62 1583 184 1637 tautum
206 1593 272 1637 esse
291 1579 359 1638 vitia
379 1596 454 1658 quae
473 1580 584 1640 trustra
603 1576 741 1639 omuibus
759 1576 975 1637 adiudicantur.

60 1806 91 1863 in
115 1806 180 1862 rtuo
201 1813 266 1881 pota
280 1815 376 1864 contra
398 1805 543 1865 lumbricos
558 1816 587 1864 et
609 1809 695 1865 tineas
710 1808 822 1864 ventris.
858 1806 975 1864 cortices

23 1896 51 1941 ¹⁵
61 1890 155 1948 siccae
169 1904 231 1947 cum
246 1890 324 1966 gallis
340 1907 426 1966 aeque
440 1892 520 1948 tritae
535 1893 598 1949 vitta
613 1890 734 1949 dentium
749 1897 854 1948 curant.
880 1896 975 1947 coctae

61 1974 93 2033 in
115 1975 181 2031 vino
203 1982 232 2031 et
252 1976 333 2033 tritae
355 1976 500 2050 pemlones
516 1985 544 2034 et
567 1984 688 2034 tumores
712 1992 806 2033 omnes
829 1980 924 2032 curant
946 1982 974 2032 et

61 2058 192 2135 gingivas
212 2066 361 2118 tumentes.
399 2076 468 2135 equa
489 2062 517 2118 lo
540 2078 593 2136 qua
615 2070 707 2120 coctae
730 2059 829 2117 luerint
852 2060 975 2135 gargari-

62 2150 145 2201 zatur
165 2151 261 2202 contra
283 2160 394 2201 usuum
415 2153 547 2203 tumores.

130 2225 197 2285 Flos
218 2228 277 2284 eius
292 2227 412 2306 arboris,
436 2231 483 2305 qui
505 2232 611 2306 cytinos
626 2246 689 2288 roas
705 2237 831 2294 vocatur,
854 2229 975 2286 siccatur

23 2312 98 2369 soto
115 2310 228 2385 umbra,
249 2314 332 2370 tritus
354 2315 381 2371 in
404 2315 542 2388 pulverem
565 2314 689 2372 omnibus
704 2311 860 2371 vulneribus
883 2311 974 2369 meda·

73 2403 127 2453 tur.
159 2412 221 2455 cum
243 2396 322 2454 melle
344 2399 427 2455 tritus
442 2399 550 2455 vulnera
571 2399 626 2454 oris
649 2406 734 2455 curat.
773 2394 925 2452 balaustioo
946 2394 974 2451 id

68 2486 112 2535 est
131 2481 270 2539 modiolia
294 2479 345 2538 ilos
368 2485 425 2539 elus
446 2482 535 2540 siccus
557 2483 638 2538 tritus
654 2480 765 2537 vulnera
787 2494 856 2552 quae
879 2477 975 2533 humo·

65 2578 125 2623 rem
148 2572 196 2621 aut
216 2567 377 2642 sanguinem
391 2568 504 2624 mittunt
526 2565 654 2624 desiccat.
683 2573 810 2622 cocturas
832 2557 892 2638 (sic)
910 2578 975 2619 ocu·

63 2648 158 2706 lorum
180 2658 209 2706 et
230 2649 348 2708 leucium
370 2667 430 2708 cum
454 2649 533 2708 melle
555 2652 667 2707 mixtum
689 2648 771 2705 tollit.

140 2903 154 2950 1
180 2896 281 2953 Omnia
301 2899 369 2968 pol:
397 2913 468 2966 quse
492 2897 586 2952 omnia.
608 2898 652 2952 rb.
678 2899 683 2966 Ι
708 2899 865 2967 coquuntur
887 2901 932 2957 rb.
1000 2905 1016 2955 2
1039 2900 1082 2954 Ex

62 2967 122 3024 hoc
140 2968 207 3037 pol:
230 2985 265 3024 ex
282 2985 338 3040 quo
356 2969 401 3023 rb.
422 2967 427 3040 l
453 2968 577 3023 cocleare
594 2969 660 3037 pol:
689 2969 799 3024 coelest
815 2987 832 3026 r
853 2970 992 3038 (cochlear
1010 2972 1046 3041 b).

62 3037 212 3095 sobume
229 3057 256 3110 p.
280 3041 285 3107 1
310 3038 426 3095 cottidie
443 3055 474 3109 p:
502 3038 606 3096 cotidie
623 3040 663 3094 ol.
730 3045 833 3096 traso
850 3057 901 3112 po:
929 3057 995 3097 rose
1013 3043 1024 3095 l
1042 3042 1083 3110 (in

63 3125 136 3166 vose
153 3108 211 3180 rb).
270 3117 286 3165 d
305 3111 440 3166 uis-est
458 3125 508 3166 orn.
522 3110 568 3166 rb.
584 3112 588 3179 1
605 3106 701 3181 ὅοΐτδυ
715 3112 864 3166 σκευασίαι
882 3112 957 3167 roitu
971 3113 1083 3182 ceyesia
1157 3111 1161 3117 '

63 3196 98 3251 9,
120 3182 206 3264 coptu
224 3181 340 3265 cepada
357 3197 387 3251 o,
414 3181 662 3266 yo1ti1ceyosioll.
711 3189 742 3266 ’6
761 3183 804 3237 est
821 3182 866 3237 vl:
893 3199 931 3268 es!
942 3183 1001 3253 (sic)
1019 3200 1046 3254 p.

66 3258 84 3306 7
103 3251 283 3308 Dioscorides
305 3253 350 3308 luc
371 3269 418 3323 pv.
439 3255 443 3321 Ι
468 3254 588 3308 ueshva:
615 3272 650 3306 τα
673 3271 724 3306 του
749 3249 831 3322 ἔαρος
853 3246 1017 3325 deputem
1034 3254 1082 3321 12,

65 3337 156 3379 verno
175 3322 221 3378 Pl.
240 3327 344 3393 ittet).
366 3326 371 3392 Ι
395 3323 537 3394 pertineat
554 3339 605 3393 po:
634 3325 694 3378 -ne‘o
710 3323 796 3394 rid).
852 3329 886 3378 10
905 3324 1039 3380 Gallenos
1057 3341 1083 3389 o,

66 3391 203 3520 ppliprpus
221 3394 312 3535 ippq
339 3392 653 3521 otgmoppptprpsppa-{ici
671 3394 756 3464 rid).
817 3395 994 3450 terrenitate
1016 3395 1085 3465 pol:
