2392 3856
518 200 737 265 „43-

112 378 194 440 aqua
216 359 409 440 perfunditur
430 375 597 440 rursusque
623 364 655 423 in
678 381 714 424 eo
742 364 807 425 loeo
829 382 867 425 ex

113 467 177 530 quo
200 456 310 510 erutus
328 456 375 510 est
396 449 481 510 vivus
499 450 658 512 suffoditur
680 460 712 512 et
734 470 768 514 ea
792 469 867 530 eque

112 540 146 600 in
178 537 288 599 eodem
319 536 418 598 eetillo
444 535 566 598 bibitur.
607 537 724 601 cocleae
758 539 866 601 crudae
894 551 981 613 3051.

111 627 205 689 tritae
230 643 268 687 ex
285 627 356 687 rino
374 627 491 686 amineo
509 643 579 687 oum
591 629 695 707 pipere
714 627 867 690 bibuntur.

88 713 229 777 olmeto
259 713 363 775 viridis
398 713 519 794 dempto
551 717 646 795 eapite
679 724 711 777 et
740 715 867 795 pedibus
928 719 965 775 io.

114 820 185 865 enm
210 803 391 883 interaneis,
422 801 540 863 condite
567 810 601 864 ut
627 804 780 867 lmtidium
805 804 866 866 obi·

116 899 218 972 grim,
248 893 283 952 in
310 888 378 951 elbo
408 891 503 951 datur.
544 890 661 953 mbiem
688 911 747 971 que
773 893 866 972 pelles
893 904 981 967 niet.

122 979 319 1041 mmduntur
342 979 463 1040 oottidie
486 977 589 1039 bibere
612 979 686 1041 utile
704 989 751 1042 est
773 990 805 1043 et
825 982 866 1041 la·
892 992 981 1055 eeoe.

121 1067 188 1127 rut
219 1069 354 1146 genistre
373 1069 449 1127 remi
466 1066 603 1146 plurimis
616 1067 723 1130 diebus
736 1071 768 1130 in
781 1079 865 1130 aceto

80 1165 105 1206 10
114 1162 320 1235 numerentur,
345 1155 454 1216 deinde
481 1155 649 1218 tunduntur
674 1164 706 1218 et
732 1175 865 1237 coquum

114 1250 183 1305 tur:
226 1261 262 1302 er
290 1261 327 1304 eo
358 1260 432 1304 suco
468 1243 590 1305 cottidie
622 1244 746 1324 cynthus
781 1248 865 1324 potui

117 1330 219 1391 denir.
251 1331 337 1392 limus
355 1329 518 1393 bubulinus
537 1331 696 1392 celeieotuo
713 1333 746 1392 in
764 1334 864 1393 cinere
892 1343 997 1406 neree.

117 1417 251 1478 ferventi
269 1417 341 1480 loeis
360 1419 529 1482 dolentibus
547 1422 579 1479 in
599 1419 677 1480 loliis
695 1421 864 1481 cuiuscum-

113 1523 178 1585 que
200 1504 310 1568 holeris
331 1509 504 1587 imponitur.

180 1686 264 1745 m
285 1687 571 1745 Pmoorotomm
592 1690 713 1746 dolori

75 1816 99 1858 1⁵
180 1803 218 1865 ln
253 1808 429 1868 universum
469 1807 642 1885 praecordia
678 1806 865 1887 appellentur
892 1818 979 1880 eote.

111 1910 191 1975 quae
216 1893 308 1973 aliqui
329 1896 361 1955 in
379 1894 465 1973 plura
483 1894 624 1955 voeabula
644 1895 792 1976 dividunt,
804 1913 863 1973 ‚vo-

111 1990 219 2044 eentee
246 1981 335 2043 modo
363 1982 562 2063 stomachum,
592 1982 745 2044 interdum
771 1984 865 2063 ieeur,

110 2069 267 2132 interdum
286 2070 468 2150 praecordia.
495 2070 569 2132 haee
588 2089 657 2132 eum
675 2069 865 2131 induruerint
935 2074 952 2109 *

111 2165 236 2238 praeter
258 2160 465 2238 gravissimum
488 2159 620 2220 dolorem
648 2159 863 2221 velocissimam

77 2254 244 2307 ”mortem
266 2249 416 2326 ingerunt.

182 2333 237 2395 llis
251 2337 375 2396 caninus
385 2333 501 2396 catulus
514 2335 625 2398 lactens
639 2335 764 2397 subinde
775 2352 863 2416 appo-
891 2345 979 2408 nole.

114 2425 199 2484 nitur
230 2424 321 2502 ioque
349 2441 419 2485 eum
445 2424 549 2485 vitium
580 2426 707 2486 transire
736 2429 864 2485 constet:

117 2509 292 2572 defunctum
314 2510 402 2572 obrui
421 2514 512 2573 moris
536 2520 591 2573 est.
627 2510 710 2572 bulbi
733 2512 797 2570 triti
820 2511 863 2570 in·
892 2518 997 2581 20‚104.

187 2686 204 2734 8
223 2697 248 2736 e.
261 2679 330 2736 trite
344 2681 428 2736 orode
446 2682 473 2739 d.
525 2685 589 2734 tex
602 2696 628 2735 ι.
643 2677 783 2733 ammineo
796 2677 838 2748 μᾶ
856 2679 902 2746 (ex
915 2675 982 2732 rino
995 2691 1072 2732 mero
1086 2678 1132 2746 rb,

113 2765 217 2806 ameno
236 2751 315 2819 bflt).
340 2751 348 2834 l
369 2751 476 2808 bibitur
493 2752 521 2806 d.
593 2757 610 2806 6
629 2748 742 2804 condite
759 2751 793 2804 ut
813 2749 833 2803 1.
851 2765 877 2804 ιι.
901 2763 950 2804 om.
972 2747 1017 2803 Pl.
1043 2747 1047 2816 Ι
1073 2747 1132 2802 ebi-

120 2821 208 2892 gntur
224 2837 284 2892 epo:
302 2821 401 2892 obrget
417 2822 507 2891 pdrb.
580 2824 596 2875 8
619 2819 800 2890 perficiuntur
819 2820 863 2875 Pl.
889 2818 1059 2887 (infioiuntnr
1077 2819 1133 2889 Μ).

115 2890 244 2966 leodidie
262 2892 290 2947 d.
314 2895 319 2961 1
348 2892 445 2948 bibere
470 2891 542 2948 utile
564 2892 616 2948 eri.
652 2891 738 2946 Lauri
760 2893 790 2947 et
831 2891 926 2946 enerbe
943 2892 985 2962 pd
1007 2891 1081 2958 (item
1098 2897 1132 2960 r).

113 2963 167 3020 nbi
182 2961 271 3031 lauri,
290 2964 324 3019 de
340 2977 394 3047 poto
412 2963 473 3018 olet
487 2962 542 3030 Pl„
559 2967 658 3018 nobem
674 2967 713 3018 eet
735 2978 769 3017 ee
791 3002 808 3031 ‚‚
841 2960 924 3018 vari“
943 2962 987 3028 (ut
1003 2960 1133 3041 bibentes

112 3034 247 3090 lorenbn
265 3032 369 3090 cotidie
388 3033 434 3087 Pl.
453 3033 489 3100 of.
508 3033 602 3089 More.
620 3049 652 3102 p.
674 3038 778 3088 171...
797 3031 902 3089 ootidie
918 3030 1015 3087 bibere
1033 3029 1133 3086 nobie-

131 3103 187 3161 ieir
204 3103 276 3160 utile
294 3106 337 3160 eet
354 3105 384 3161 et
401 3102 431 3158 in
448 3103 551 3160 bulneo
568 3102 689 3160 ferventi
710 3101 809 3160 lovari.
835 3102 967 3158 Genirtee
984 3100 1133 3171 remi...).

150 3180 167 3229 9
186 3173 272 3233 remu
291 3178 354 3231 ante
371 3190 441 3230 eorr.
459 3190 485 3244 9.
554 3180 587 3229 11
608 3190 643 3229 ex
660 3190 711 3229 mo
729 3190 805 3229 mco.
834 3174 864 3229 et
882 3172 986 3230 ooiidie
1004 3171 1085 3229 oietir
1102 3171 1133 3226 id

863 3274 874 3305 Ι

112 3315 199 3386 potui
226 3315 311 3372 detur
334 3318 362 3372 d.
436 3321 469 3370 12
488 3315 626 3372 bobuleno
648 3316 676 3372 d.
755 3321 788 3370 18
812 3331 898 3385 mmq;
924 3312 1029 3370 holeris
1051 3312 1079 3369 d.

112 3386 158 3441 tit.
176 3386 220 3441 De
238 3385 447 3456 proeordiorum
465 3385 562 3442 dolore
579 3387 606 3442 d.
681 3391 713 3442 15
733 3385 863 3441 universo
880 3386 929 3455 pel.
1000 3386 1032 3437 18
1052 3381 1132 3438 indu-

114 3456 225 3512 ruerint
241 3458 345 3528 9(b··)=
372 3455 602 3513 indereveriotd
624 3457 664 3525 (se
687 3457 877 3527 moraverunt
894 3454 951 3523 rb).
1028 3457 1062 3507 21
1091 3453 1133 3507 le·

115 3528 197 3583 otene
214 3543 247 3598 q:
274 3527 383 3584 leetenr
400 3528 519 3597 alpi).
575 3532 609 3582 22
628 3528 740 3582 eonetet
759 3527 789 3596 (l)
807 3525 910 3596 pd(r)=
938 3522 1062 3580 ereditur
1086 3523 1133 3580 Pl.
