2392 3856
523 42 741 107 „46-

391 205 477 266 nardi
499 205 742 284 drachmaenn,
765 219 881 281 myrrae
901 199 1059 263 drachmae
1076 214 1137 282 1111,

393 295 453 374 opii
475 292 632 354 drachmae
655 306 724 373 1111,
751 290 873 351 schoeni
896 288 1054 351 drachmae
1076 302 1134 372 lm,

391 383 504 464 piperis
518 382 598 462 longi
612 380 768 442 drachmae
782 394 815 460 v,
832 380 945 458 piperis
959 376 1018 439 albi
1036 375 1135 439 drach·
1183 400 1186 469 t

391 489 457 534 mae
471 486 503 532 V.
530 471 604 532 haec
623 486 681 530 nna
695 477 835 530 teruntur
849 484 918 529 cum
932 465 1019 528 melle
1032 484 1145 547 graeep·
1183 518 1186 551 :

392 560 567 641 despumato
587 559 666 638 quod
685 559 756 619 satis
775 565 829 619 est.
866 562 1002 618 servatur
1018 557 1053 617 in
1069 556 1186 641 vescit}

392 651 494 710 vitreo.
531 665 548 708 a
570 647 675 710 balneo
705 648 814 711 dantur
836 650 936 709 ieiuno
963 648 996 707 iu
1018 647 1146 727 potione,-
1184 650 1186 655 '

329 772 334 781 ·
393 739 482 802 mulsi
503 741 588 801 mixti
606 757 642 800 cx
660 756 736 817 aqua
759 736 853 799 calida
875 735 1032 798 drachmae
1056 732 1146 799 duae'
1179 734 1186 779 '·'

457 941 499 997 V.
521 939 642 997 Ventri
662 938 858 996 molliendo.

260 1070 364 1134 32,1oo.
459 1059 562 1121 Menae
586 1060 679 1120 salsae
702 1059 732 1120 id
755 1065 804 1124 est.
827 1059 926 1138 pisces
950 1056 1020 1118 salsi
1043 1056 1139 1118 ventri
1181 1050 1186 1061 ’

392 1147 550 1210 molliendo
569 1165 639 1209 cum
657 1146 725 1208 felle
748 1149 826 1208 tauri
847 1144 988 1207 umbilico
1010 1142 1141 1207 inlinun-

200 1236 203 1241 ’
259 1246 363 1310 astos
391 1245 449 1298 tur.
495 1236 540 1298 lac
568 1238 723 1315 caprinum
749 1242 884 1315 potatum
916 1251 985 1294 cum
1017 1231 1079 1294 sale
1113 1241 1145 1294 et
1155 1243 1179 1286 1⁰

260 1343 263 1350 ·
304 1330 320 1364 *
391 1324 486 1385 melle.
523 1324 706 1386 ventriculus
725 1323 830 1385 suillus
851 1325 883 1383 in
902 1340 962 1402 quo
985 1320 1073 1381 sarda
1092 1321 1144 1403 de·

175 1414 254 1481 *tofi
267 1417 365 1486 sepa)
393 1421 477 1474 cocta
500 1415 547 1474 sit.
583 1414 666 1492 porri
685 1412 806 1491 capitati
828 1409 953 1472 discocti
975 1426 1030 1490 per
1054 1428 1087 1470 se
1112 1412 1147 1472 in
1184 1470 1186 1475 .

277 1510 365 1574 unas.
392 1499 459 1561 cibo
478 1508 646 1562 sumuntur.
683 1501 797 1572 urticae
812 1517 914 1561 semen
932 1504 1047 1560 tostum
1065 1516 1146 1579 pane
1184 1492 1186 1503 '

152 1598 256 1661 tepea
277 1598 364 1662 sape
392 1587 549 1667 colligitur.
572 1587 857 1668 lensnoupercocta
870 1585 1018 1649 sorbetur.
1043 1605 1147 1669 mmo·

390 1675 514 1737 balanus
551 1684 597 1738 est
638 1695 733 1755 genus
770 1685 907 1756 caryotae
944 1693 1072 1738 nascens
1111 1678 1145 1739 in
1158 1674 1186 1731 11ἐ

390 1766 535 1846 Aegypto:
557 1765 630 1826 haec
654 1783 687 1826 os
710 1764 896 1845 nonhabet,
925 1766 993 1824 vino
1017 1772 1144 1827 austero

257 1861 362 1925 aedos.
390 1856 461 1915 trita
479 1861 510 1914 et
531 1861 601 1934 pota
619 1852 716 1915 alvum
734 1854 813 1914 citat.
851 1852 890 1912 fel
908 1850 971 1932 lupi
990 1870 1061 1913 curn
1085 1852 1146 1915 ela·

181 1938 183 1942 ’
257 1949 362 2012 rapot.
390 1943 467 2002 terio
494 1940 634 2015 umbilico
661 1940 804 2002 inlinitur.
842 1939 966 2020 cydonia
993 1941 1023 2000 in
1054 1940 1146 2003 melle

258 2037 362 2101 tensa
390 2036 506 2089 servata
524 2027 617 2090 cruda
630 2027 848 2090 manducantur
863 2028 883 2089 a
896 2030 1014 2090 ieiunis.
1042 2024 1144 2108 pruna

257 2124 362 2188 tates.
390 2133 407 2176 a
439 2117 540 2177 ieiuno
578 2116 716 2178 eduntur.
766 2134 919 2178 mororum
953 2124 1143 2179 maturorum
1156 2128 1185 2171 π

196 2309 216 2373 1'
230 2319 347 2396 dragmp
359 2321 402 2377 oct
419 2313 497 2392 drag.
515 2321 776 2405 uocabulosepetito
790 2337 892 2404 reaper
905 2337 924 2404 p
938 2321 1065 2392 (Marc),
1085 2336 1144 2406 pro

122 2403 176 2459 quo
193 2394 288 2447 notam
304 2396 324 2455 3
337 2393 421 2463 pontt
437 2394 457 2449 d
475 2393 536 2462 (om.
555 2409 579 2460 r,
597 2409 694 2448 uncum
713 2393 747 2462 b).
808 2397 824 2445 2
844 2407 914 2447 scam
931 2393 1005 2461 petr,
1024 2409 1108 2463 scym
1126 2392 1145 2449 b

124 2462 183 2528 (ont.
204 2463 253 2531 Μ,
271 2467 304 2517 ut
321 2468 347 2519 et
364 2465 459 2534 opium
476 2467 503 2518 et
514 2463 599 2535 pober
617 2464 728 2533 albuco).
778 2470 796 2517 4
813 2463 878 2530 fort.
892 2477 945 2518 scr.
963 2478 1027 2517 cum
1045 2458 1146 2519 mellis

122 2535 169 2587 etc.
241 2533 437 2605 odispumato
455 2535 482 2590 d.
508 2536 513 2604 Ι
537 2550 606 2589 vaso
623 2550 653 2605 p:
671 2550 738 2590 vase
757 2534 784 2588 d.
858 2537 873 2586 7
896 2532 981 2587 mulsi
1003 2532 1088 2588 mixti
1106 2549 1145 2590 ex
1178 2542 1183 2551 '

122 2618 147 2656 a.
167 2619 191 2658 c.
209 2604 252 2672 pot
269 2604 303 2673 (r,
321 2604 413 2660 mulae
429 2603 519 2659 mixta
537 2620 571 2659 ex
589 2621 615 2660 a.
634 2620 657 2662 c.
677 2604 712 2673 b).
745 2603 779 2670 cs.
801 2603 892 2658 Mace.
913 2619 947 2658 ex
965 2618 989 2657 a.
1005 2620 1028 2660 c.
1043 2603 1145 2660 velex

122 2671 213 2728 mulso
230 2671 261 2727 in
274 2673 389 2743 potione
402 2673 551 2729 dabuntur.
573 2675 578 2743 Ι
599 2674 693 2729 druch.
708 2693 753 2728 nn
767 2673 817 2729 aut
831 2673 918 2728 etiam
931 2673 1023 2728 minus
1034 2715 1041 2727 .
1053 2715 1078 2730 ..
1095 2674 1144 2731 M.

157 2743 199 2798 tt't.
228 2742 270 2799 De
287 2744 385 2799 venue
407 2743 561 2799 molliendo
580 2745 607 2799 d.
645 2744 648 2749 '
679 2743 802 2799 abdens
829 2742 903 2799 salsa
924 2744 973 2814 qd.
999 2745 1004 2813 t
1032 2744 1052 2798 i.
1071 2744 1144 2801 sahi

121 2812 212 2883 pisces
230 2815 256 2871 d.
313 2814 475 2871 tinlinitur
488 2830 518 2885 p,
545 2813 704 2870 illiniuntur
726 2815 753 2871 d.
826 2821 861 2882 10
883 2815 1012 2885 potatum
1040 2815 1168 2886 torma·

121 2884 202 2954 potui
219 2885 302 2940 datur
319 2902 335 2940 r
353 2885 426 2952 (fort.
445 2886 579 2955 potatur).
630 2883 1008 2941 11vent1iculus...cditur
1025 2886 1166 2954 r(oct·b.·

121 2955 169 3021 po.
189 2970 239 3010 om.
258 2957 340 3011 etiam
358 2957 394 3025 b).
444 2962 478 3011 12
502 2956 598 3011 alvum
616 2956 750 3014 sistunt.
769 2973 818 3012 sec.
839 2956 884 3010 Pl.
937 2962 971 3009 14
989 2955 1064 3011 Lens
1083 2972 1165 3031 uon¹

158 3026 253 3081 reocta
270 3027 323 3081 db=
342 3026 416 3083 Lens
433 3027 504 3083 bene
523 3027 634 3097 coctap
653 3029 710 3096 (sed
727 3028 799 3084 bene
817 3028 850 3082 io
867 3038 922 3081 tos.
937 3041 1005 3081 corr.
1025 3025 1062 3080 ul.
1082 3028 1142 3097 ot).
1162 3036 1166 3047 '

145 3095 283 3152 sorbetur:
301 3099 341 3153 sic
353 3099 443 3167 pdrb.
463 3100 499 3166 cf.
510 3098 556 3154 Pl.
570 3098 631 3154 lens
644 3099 752 3170 optima
811 3113 883 3166 quae
897 3095 1018 3152 maxime
1032 3112 1144 3166 equam

122 3166 255 3223 absorbet
265 3210 271 3223 .
282 3209 307 3224 ..
322 3168 417 3225 alvum
436 3168 562 3225 sistit...
578 3168 715 3239 discocto,
739 3168 837 3225 eadem
860 3166 946 3223 solvit
962 3166 1056 3222 minus
1074 3184 1141 3238 per·

121 3239 440 3310 contemperabant).
514 3245 547 3296 te
566 3240 671 3296 austeri
687 3256 713 3311 9.
782 3244 815 3293 17
834 3240 904 3310 pote
920 3237 972 3307 ab,
990 3239 1093 3308 potate
1111 3239 1145 3294 d.

121 3307 262 3432 pelatorio
276 3312 303 3371 d.
341 3316 374 3365 18
394 3310 513 3381 cydonia
525 3311 775 3379 prcidonead‘ht
787 3310 828 3364 sic
841 3310 962 3378 semper).
999 3313 1034 3364 20
1049 3308 1146 3364 edun·

134 3395 180 3434 ur:
199 3381 403 3438 manducentur
419 3382 519 3437 iterum
537 3381 563 3434 d.
