2392 3856
468 177 710 242 —138-

115 352 160 407 pq
256 345 336 403 1111.
360 347 410 401 De
433 347 617 402 consumo.

92 429 179 494 ²⁰2⁸2·
256 447 321 507 Non
350 446 521 507 dubitanter
553 446 704 507 coliandro
736 446 941 526 refrigeratrix
967 465 971 525 p

108 529 171 585 Gai.
192 537 291 618 datur,
315 554 374 596 non
398 544 495 595 tamen
520 534 657 616 simplex,
681 542 715 596 ut
737 534 970 614 prudentissime

82 612 135 662 ω’
150 608 322 705 3⁶videtur,
344 625 396 685 scd
417 626 465 684 cui
485 624 627 703 quaedam
651 627 749 703 portio
773 625 958 685 austeritatis

190 718 237 796 sit,
252 715 320 776 inde
336 713 415 792 quod
431 713 573 792 quaedam
589 732 625 773 ex
639 732 675 773 eo
683 715 754 773 vitia
769 719 916 773 curantur
931 730 971 790 qu

191 823 278 884 quam
293 804 413 863 omnino
433 810 559 883 sanaret,
578 804 604 861 si
618 802 679 862 sola
693 804 804 862 virtute
823 800 971 880 frigidam

191 911 259 953 cnm
283 890 368 951 melle
393 900 423 950 et
446 909 500 951 ura
528 908 615 970 passa
642 892 745 951 tritum
765 898 795 950 et
814 891 971 968 inpositun

190 990 324 1042 tumores
342 977 592 1058 collectionesque
612 981 781 1059 compescit.
818 980 971 1058 praecipu·

189 1072 249 1129 isto
267 1085 376 1147 genere
391 1067 593 1127 medicaminis
613 1067 765 1128 doloribus
779 1069 903 1126 testium
919 1065 970 1127 sul

191 1174 263 1218 suco
278 1155 474 1234 maligranati
493 1164 523 1215 et
537 1155 601 1216 olco
616 1158 646 1215 in
661 1158 781 1235 potione
796 1157 971 1234 permixtus

190 1245 228 1306 lia
237 1247 399 1306 interaneis
409 1245 508 1305 innata
522 1247 722 1323 persequitur.
745 1261 846 1304 semen
857 1261 894 1303 ex
910 1262 970 1323 aqu

191 1334 370 1396 solutionem
390 1336 502 1393 ventris
521 1335 666 1411 astringit.
698 1335 842 1412 scriptum
864 1350 880 1391 a
905 1332 970 1393 mul

190 1430 242 1485 tur
274 1425 331 1484 tria
364 1422 506 1482 coliandri
539 1439 629 1500 grana
658 1423 799 1482 tertianas
827 1419 970 1480 excludor

191 1514 392 1572 accessionem
421 1514 447 1571 si
476 1511 588 1570 luerint
616 1509 763 1570 devorata.
800 1509 895 1569 isdem
922 1526 970 1588 req

192 1601 296 1661 efficax
319 1607 366 1660 est
387 1601 484 1679 ipsum
505 1598 688 1659 coliandrum
709 1606 776 1658 aute
800 1597 872 1658 solis
896 1603 967 1657 ortu

191 1691 286 1749 rantis
310 1686 447 1747 cervicali
470 1687 563 1747 viride
587 1685 763 1747 subiectum.
806 1688 916 1746 mirum
945 1703 970 1745 ei

192 1776 375 1837 Xenocrates
403 1776 506 1857 tradit,
537 1778 561 1835 si
583 1794 675 1836 unum
697 1778 819 1835 seminis
842 1792 970 1853 granum

192 1864 315 1947 biberit,
347 1883 407 1926 rino
440 1864 487 1925 die
519 1867 546 1924 ei
576 1872 729 1924 menstrua
757 1865 919 1937 contineri,
954 1861 970 1922 h

192 1953 265 2036 duo,
294 1961 324 2014 et
347 1954 471 2014 totidem
499 1956 557 2013 iam
580 1951 685 2013 diebus
717 1961 789 2031 quot
817 1969 908 2030 grana
931 1970 968 2011 su

117 2124 174 2193 (35)
256 2111 432 2168 coriandrum
447 2112 569 2168 calefacit
583 2122 611 2169 et
630 2113 758 2185 stringit,
781 2127 907 2167 somnum
923 2112 970 2165 etia

193 2211 254 2252 cum
274 2194 354 2251 melle
381 2202 408 2252 et
429 2211 479 2250 uva
500 2212 579 2268 passa
603 2198 697 2252 tritum
719 2197 867 2268 inpositum
889 2211 970 2250 omne

193 2295 236 2335 res
260 2278 492 2353 collectionesque
507 2283 663 2352 compescit.
699 2282 792 2335 tritum
815 2296 874 2335 curn
898 2288 970 2335 acet(

192 2363 289 2422 canino
318 2365 446 2421 occurrit.
489 2381 570 2420 sucus
600 2367 658 2420 eius
685 2380 746 2420 cum
775 2365 837 2419 oleo
865 2365 966 2419 mistus

191 2459 288 2507 contra
309 2448 456 2507 lumbricos
479 2458 508 2505 et
537 2450 630 2508 tineas.
672 2443 779 2525 [semen
808 2450 866 2504 eius
894 2449 921 2503 in
945 2448 970 2503 di

192 2534 284 2592 datum
312 2536 456 2608 proniores
486 2533 575 2590 reddit
604 2535 632 2589 in
659 2549 793 2590 venerem.
831 2534 854 2587 si
881 2548 965 2605 supra

192 2619 299 2676 dederis
319 2622 462 2677 amentiam
482 2620 579 2675 nutrit.
622 2633 704 2674 canos
727 2634 760 2674 es
788 2616 932 2673 coriandro
955 2618 970 2672 ir

192 2700 277 2758 ditum
301 2698 367 2778 est]

158 2885 200 2938 tit.
219 2890 244 2938 et
264 2891 277 2937 1
298 2883 440 2939 coliandro
463 2887 517 2954 pol
540 2886 585 2956 (cf.
603 2884 724 2939 DuGon
742 2900 756 2937 e
774 2883 792 2937 l.
807 2882 930 2950 diceet:
957 2899 969 2937 c

84 2957 130 3011 cli.
161 2956 226 3009 item
242 2956 329 3022 infra.
384 2956 530 3025 agalieno
553 2973 599 3026 po.
655 2900 755 3009 tinge
778 2953 917 3023 pcl(rb):
945 2954 969 3019 fi

87 3027 143 3097 loo
159 3041 206 3096 pa.
262 3032 278 3080 o
297 3027 410 3080 munet
426 3027 538 3094 potore
557 3029 668 3082 curaret
684 3026 730 3080 rb.
751 3027 755 3092 l
776 3024 913 3078 niteretur
925 3040 964 3093 po

84 3099 163 3152 retur
179 3097 216 3150 rb
234 3097 315 3166 (noted
328 3099 436 3152 crotoni
448 3114 482 3151 ec
496 3099 525 3166 l).
576 3104 592 3151 9
612 3101 642 3152 et
659 3099 722 3152 oleo
739 3095 919 3166 impositione
933 3112 969 3164 pc

85 3183 117 3236 o,
135 3169 165 3222 et
183 3165 238 3222 olei
256 3167 400 3238 impositio
418 3170 462 3223 est
480 3167 650 3238 permixtum
673 3169 732 3236 (sic)
752 3169 769 3222 l.
825 3172 856 3219 11
878 3165 969 3219 asstrir

85 3256 116 3310 q,
135 3236 267 3308 astringit
283 3241 328 3294 cle
347 3238 461 3310 stringit
478 3240 523 3295 rb.
540 3243 544 3308 Ι
561 3255 612 3293 scr.
631 3257 649 3294 a
666 3237 777 3294 multis:
800 3236 900 3291 iubent
917 3236 969 3306 aliq

124 3315 157 3366 la
176 3309 312 3366 tertianas
330 3327 380 3366 orn.
395 3313 413 3366 i.
461 3316 493 3365 13
512 3309 615 3364 isdem:
634 3310 745 3366 hisdem
758 3307 889 3379 pulmo).
905 3309 910 3375 1
927 3324 969 3376 rep

85 3383 123 3437 rb
141 3383 200 3452 (cii.
218 3383 295 3453 tyn).
352 3390 386 3438 14
403 3381 560 3452 ignorantis
583 3397 642 3451 eqo:
666 3379 810 3450 ignoranti
831 3395 869 3448 qo
883 3378 955 3446 (rb),

87 3453 235 3578 lstdbidnql
242 3454 300 3594 Pp:
319 3453 375 3510 duo
388 3471 426 3524 po
437 3455 508 3523 (rb),
527 3453 634 3507 duobus
653 3453 663 3505 l
680 3451 761 3521 (Duo.
780 3450 836 3505 duo
854 3466 884 3517 o,
901 3448 949 3503 sed
967 3474 969 3483 ι

86 3540 112 3577 sr
148 3540 193 3579 uo.
236 3541 292 3580 uo.
