2392 3856
394 175 675 281 7¹⁸5·-

55 348 95 401 lut
126 357 217 419 epyro
248 347 461 421 conteruntur,
493 340 588 399 donee
620 341 650 398 iu
681 340 775 400 ceroti
806 337 953 400 lentorem

55 426 225 489 uolleseant
266 427 323 488 hoe
345 428 513 507 adpositum
533 429 601 488 vitia
620 445 710 507 supra
733 426 810 488 diota
834 428 877 488 sic
900 446 950 487 eu·

55 526 89 578 at
112 534 151 577 ne
174 514 210 577 ad
233 516 348 577 ferrum
371 518 472 577 venire
495 517 632 597 patiatur.

107 602 159 665 Fit
188 623 226 665 ex
256 605 352 665 isdem
379 604 463 666 malis
495 604 617 684 ecligma
644 621 789 683 perquam
820 601 952 682 elegans:
998 609 1014 643 *

55 694 253 772 leeoquuntur
275 710 312 753 ex
334 694 403 753 vino
431 693 558 772 falerno,
585 711 676 753 sucus
699 710 859 772 expressus
882 709 951 752 eum

55 781 129 844 nelle
157 782 310 842 miscetur.
346 780 415 841 lolia
445 780 618 842 vulneribus
645 781 778 860 adposita
805 781 949 859 impetum
997 785 1013 819 *

55 871 169 932 erroris
191 868 367 951 excludunt,
395 871 464 931 trita
488 888 557 931 oum
585 871 664 930 nitro
692 878 723 932 et
749 867 857 949 butyro
883 886 951 949 par·

55 958 138 1021 uitas
172 966 289 1038 sanant,
321 959 429 1018 siccata
457 967 487 1019 et
514 959 654 1038 fumigata
682 955 861 1019 carbonibus
888 975 950 1018 ser-

55 1054 148 1109 enus
171 1047 283 1126 lugunt
317 1048 439 1107 corticis
457 1065 548 1108 sueres
566 1045 701 1108 eiusdem
719 1064 813 1127 paene
832 1047 951 1107 virtutis

55 1143 101 1217 st,
135 1136 194 1195 nisi
222 1134 301 1214 quod
333 1134 457 1196 adustus
484 1144 514 1196 et
545 1137 577 1195 in
603 1134 757 1215 pulverem
788 1133 951 1195 dissolutus

55 1225 151 1285 aratis
165 1222 338 1284 vulneribus
357 1229 391 1284 ut
409 1241 529 1284 earnem
548 1222 653 1285 reddat
670 1225 831 1303 inponitur.
863 1240 950 1283 uvam

55 1319 188 1373 mentem
207 1328 276 1372 oum
294 1310 380 1371 melle
402 1314 550 1373 contritus
568 1310 653 1372 levat
690 1310 862 1390 genitalium
880 1312 950 1371 vitia

55 1417 110 1461 nm
134 1402 203 1460 rino
226 1417 367 1479 aspersus
391 1401 536 1461 emendat.

106 1545 232 1602 nm
264 1548 313 1602 De
336 1547 500 1614 sydonae.

108 1645 268 1724 [Medicina
287 1666 323 1707 or
342 1646 505 1727 eydoueis]
543 1646 680 1728 Cydonea
697 1646 818 1726 plurimi
842 1644 949 1706 medici
981 1692 1019 1746 D·

55 1733 232 1796 ustomaeha
260 1735 461 1796 erediderunt.
504 1735 608 1796 eadem
631 1734 819 1796 Dioscorides
847 1743 878 1794 et
905 1734 947 1793 di·
959 1769 1047 1832 1430·

104 1910 237 1973 llalorum
266 1929 367 1987 genera
394 1920 459 1969 suut
491 1912 591 1985 multa,
622 1919 711 1968 tamon
741 1910 796 1968 dno
825 1926 946 1985 sapores.
968 1915 1024 1984 (ot)

55 2012 110 2054 uae
132 1999 198 2053 suut
220 1995 308 2055 dulcia
331 1998 374 2053 vix
397 2004 561 2072 egeruntur,
588 1995 685 2071 llogma
708 1997 847 2068 nutriunt,
877 1993 947 2051 iellls

55 2079 166 2138 adorem
188 2087 314 2152 movent,
336 2080 489 2139 inflationes
511 2081 628 2152 laclunt,
652 2081 713 2153 quia
728 2081 768 2136 vis
790 2078 898 2136 humida
920 2089 949 2136 et

55 2163 140 2240 rigida
162 2173 214 2222 est.
251 2172 327 2223 eocta
350 2165 478 2223 obvoluta
502 2166 530 2222 in
552 2165 636 2222 launa
658 2165 749 2222 einero
765 2163 862 2220 obruta
885 2165 948 2220 trlta

55 2248 185 2307 culorum
208 2256 328 2306 tumores
356 2248 467 2307 tollunt.
507 2249 576 2307 mala
599 2249 674 2307 aeida
696 2258 799 2306 matura
822 2247 947 2305 omnibus

55 2333 193 2403 ommoda,
222 2340 250 2390 et
276 2332 345 2391 bene
372 2334 543 2407 digeruntur.
581 2343 647 2390 sunt
672 2343 701 2390 et
729 2334 845 2409 agrestia
869 2333 946 2403 mala,

55 2417 220 2492 murgum.
257 2425 335 2475 eoeta
356 2416 426 2475 bene
448 2417 621 2494 digeruntur.
650 2417 947 2490 suemeorumsuspi·

55 2498 123 2556 tom
139 2500 263 2576 prodest.

110 2671 124 2721 1
145 2683 209 2721 eero
227 2665 330 2722 tilento
349 2667 535 2723 remoleneanl
546 2683 577 2737 q,
600 2665 689 2722 eeroti
706 2666 783 2720 lanto
796 2663 984 2720 remoleaoanl
1001 2665 1056 2734 (re-

55 2734 239 2806 mlleseantl)
256 2738 289 2792 ol
318 2738 496 2794 aleatorem
514 2737 682 2793 mollescant
698 2737 755 2805 rb).
805 2734 930 2790 lisdem
947 2751 977 2805 με
996 2735 1053 2791 hie·

55 2822 103 2863 ern
120 2808 229 2876 eloh).
250 2810 255 2877 l
280 2807 331 2864 ec'
383 2825 414 2864 a:
442 2808 574 2880 ondigma
591 2809 659 2878 gol,
683 2808 805 2863 edumna
822 2807 867 2862 rb.
931 2807 1053 2862 liliaco-

55 2878 161 2933 nuntnr
178 2880 305 2948 (nentur
322 2883 350 2949 v)
367 2880 433 2949 gol:
456 2878 628 2950 Deeoquitnr
646 2878 722 2934 enim
739 2879 784 2934 ab.
805 2880 810 2945 Ι
830 2877 959 2947 (falerno)
977 2878 1055 2933 mala

55 2949 242 3016 ao.t.leum
276 2950 510 3005 ohelenmrb.
557 2951 693 3005 tablino
710 2951 1054 3020 nominatorum

54 3020 225 3088 raecedmitl
268 3019 325 3076 olia
338 3021 475 3077 melorum
488 3027 536 3076 ete.
568 3020 650 3076 Folia
667 3023 763 3076 eorm'n
777 3021 823 3076 rb.
840 3021 845 3088 l
861 3018 1050 3090 adpositam.

70 3096 89 3146 8
108 3092 211 3146 nnana
227 3091 264 3145 rb
275 3092 319 3161 (ηε
338 3094 420 3147 sanet
432 3108 479 3162 gv.
525 3098 542 3147 9
561 3109 582 3148 s.
596 3107 668 3161 pene
683 3092 809 3147 eiusdem
826 3090 868 3146 ld.
916 3097 949 3146 10
963 3090 1052 3146 disso-

55 3163 129 3217 rtus:
156 3161 286 3217 reduetus
305 3163 332 3218 d.
398 3168 430 3217 11
450 3161 612 3218 vulneribus
634 3162 741 3219 novatis
759 3163 803 3219 rb.
864 3167 896 3215 12
916 3160 1052 3217 contritus

55 3233 125 3288 old:
140 3231 225 3288 tritus
239 3234 284 3290 rb.
326 3233 368 3288 tit.
384 3233 503 3303 cydonio
516 3234 571 3304 gol
585 3234 661 3302 (meo
675 3234 705 3302 b,
718 3231 831 3304 eytonio
844 3235 878 3302 r).
917 3238 950 3286 14
964 3231 1051 3287 Medi-

55 3303 100 3358 'ms
111 3321 146 3360 ex
155 3301 279 3359 eironeia
289 3304 432 3374 (sydensis
476 3304 592 3375 plurimi
600 3309 648 3360 ete.
663 3305 722 3387 (eie)
731 3305 785 3375 gol
798 3303 889 3372 (titulo
899 3319 960 3357 eum
969 3304 1052 3358 initio

55 3391 96 3445 ap.
105 3375 233 3444 confuso)
246 3376 320 3430 uode
333 3376 381 3431 rt:
396 3375 426 3430 M
464 3375 565 3432 'einum
575 3392 609 3430 ex
619 3375 745 3445 oydomie
759 3372 936 3444 (cythoniisr
960 3373 999 3442 pl.
1013 3391 1050 3429 m.

55 3445 255 3501 mmaohantur.
272 3447 276 3511 l
292 3444 423 3515 Cydonea
437 3446 549 3504 aditu.
595 3451 627 3500 15
642 3444 897 3500 eredideruntndo.
952 3447 1052 3514 (eusto-

55 3516 138 3572 melia
148 3515 248 3572 eadem
256 3515 283 3571 d.
293 3517 355 3587 gol.
369 3515 373 3585 l
384 3516 554 3573 dioscorides
563 3517 608 3572 liic
617 3517 698 3572 aiom
707 3515 767 3587 gol
778 3518 808 3571 et
816 3514 1050 3571 adinrelioamrb.
