2392 3856
524 161 768 271 -202-,

244 366 302 421 latr.
338 361 428 421 tritae
450 379 488 421 ex
511 378 587 438 aqna
609 359 705 420 mum
727 367 874 439 potaeque
898 362 989 421 etiam
1012 364 1152 422 vetustis·

244 448 336 510 simae
363 450 455 510 tnesis
482 448 648 510 molestiam
676 447 791 510 sedant
836 448 886 509 alii
911 450 1006 510 tritas·
1026 456 1059 510 et
1086 468 1154 511 oum

243 553 332 616 pateo
350 536 493 601 bibendae
511 537 657 599 dederam
680 536 716 597 ad
838 538 886 597 nio
904 545 935 598 et
956 539 1068 599 ieeoiio
1086 541 1168 600 vitia

150 617 187 684 (el
199 615 386 688 D-sananda.
414 625 500 688 multi
517 629 603 688 tritas
621 643 689 687 enm
708 628 777 704 pipe
830 628 1022 687 namnet-unt-
1034 635 1067 687 et
1086 645 1153 689 cnm

138 690 313 775 ¹’mlvino
335 718 505 795 propinatas
527 724 631 776 eontra
654 723 803 775 oatarmm
822 720 853 774 et
874 720 1022 776 momenta
1041 719 1176 777 ventrina

173 793 212 848 D·
248 811 278 863 et
292 805 396 864 urinae
415 803 592 865 destillantis
611 805 762 883 angustias
776 802 874 863 valere
888 810 1057 865 senserunt.
1087 824 1153 865 oum

148 869 235 934 ¹’¹⁷⁹·
246 894 371 972 axungia
388 892 435 953 vel
454 892 540 972 adipe
559 895 661 952 ursina
679 894 826 953 contritae
845 899 877 952 et
894 891 1037 972 alopeciis
1052 893 1152 954 iialitae

245 979 419 1060 capillorum
438 980 543 1042 damna
565 983 738 1042 restituunt.
765 982 849 1041 aiunt
870 978 973 1041 oeulos
995 981 1152 1050 infandum

244 1069 410 1130 caesionum
443 1068 479 1129 ad
511 1068 642 1130 colorem
673 1070 794 1148 nigrum
823 1086 912 1148 posse
942 1071 1086 1151 revocari,
1123 1072 1149 1130 si

244 1155 367 1217 adustae
395 1175 463 1218 oum
491 1155 557 1217 oleo
587 1164 781 1218 conterantur
808 1165 839 1217 et
866 1175 903 1216 ex
931 1174 966 1217 eo
990 1154 1144 1217 cerebrum
1158 1169 1183 1208 10

244 1242 366 1306 adsidue
389 1253 604 1326 perunguatur.
1020 1255 1024 1260 ’

311 1480 381 1537 LV.
412 1483 463 1538 De
485 1482 638 1552 pietaolo.

161 1641 224 1697 Gal.
314 1614 512 1679 Pistaoionum
535 1618 630 1679 virtus
657 1624 776 1679 austera
799 1624 829 1676 et
859 1617 986 1696 styptica
1009 1625 1045 1684 et,
1063 1634 1144 1698 prope

139 1718 245 1771 nolet
257 1706 396 1767 aromatis
415 1708 508 1785 gratia
525 1708 626 1767 innota
645 1705 807 1786 colligitur,
829 1703 957 1784 ideoque
976 1704 1075 1769 etiam
1090 1712 1148 1767 'sto-

136 1784 374 1854 (Wolttmaeho
393 1792 614 1856 adcommodata
627 1794 799 1856 ereduntur.
823 1795 948 1853 maxime
967 1801 1071 1875 tamen
1089 1811 1153 1856 eon·

245 2021 459 2034 μ’*

171 2112 228 2181 (83)
312 2111 455 2170 Abellanae
481 2120 510 2168 et
543 2113 730 2186 praenestinae
758 2129 843 2169 nucea
869 2110 969 2168 virides
1002 2113 1154 2186 stringunt,
1167 2118 1190 2160 1⁵

246 2204 340 2252 eootae
361 2204 451 2251 autom
474 2197 571 2251 minus.
608 2197 636 2251 ln
650 2196 851 2271 eiboanmptae
866 2197 947 2270 capiti
967 2195 1095 2252 dolorem
1117 2197 1157 2251 in·

248 2280 372 2350 endunt,
394 2279 562 2336 stomachum
585 2278 726 2335 inflatione
751 2279 919 2336 distendunt.
956 2281 1069 2354 conponi
1091 2297 1156 2336 sane

246 2363 439 2438 pinguedinem
466 2363 623 2422 oonlernnt.
660 2364 749 2421 nuclei
776 2380 867 2420 earum
895 2364 953 2421 triti
970 2372 1043 2420 -oum
1071 2364 1156 2421 mulsa

246 2449 305 2522 poti
327 2456 445 2507 veterem
469 2450 564 2506 tussim
585 2457 766 2523 oonpeaonnt.

211 2762 227 2809 2
247 2755 306 2810 Alii
322 2773 389 2812 voro
407 2758 442 2812 tr.
461 2758 506 2812 rt.
544 2756 714 2813 edederunt
731 2759 768 2826 (-'r
780 2757 807 2825 o)
825 2757 916 2825 pald:
936 2771 979 2819 -re
993 2756 1039 2810 ab.
1058 2758 1062 2824 Ι
1080 2755 1117 2810 ad
1129 2773 1155 2825 p,

32 2797 34 2802 Ι
139 2825 210 2881 vitio
228 2829 258 2881 et
278 2827 380 2882 ieeoria
399 2845 420 2882 o.
439 2829 474 2882 ld
497 2827 607 2890 (iecoris
629 2828 674 2882 iiio
695 2828 777 2882 etiam
794 2829 851 2896 po).
920 2833 938 2881 4
960 2825 1044 2881 tritas
1068 2827 1155 2897 poids

139 2913 190 2955 om.
209 2897 462 2967 admiscuerunt
480 2899 520 2967 (J
533 2901 561 2967 o)
578 2899 670 2968 poili:
689 2915 731 2953 -ae
749 2899 794 2954 rb.
849 2903 866 2952 5
884 2897 1081 2968 propinandos
1099 2895 1152 2964 idi

140 2970 271 3023 oetarron
296 2985 348 3038 po,
377 2972 517 3025 catarrum
540 2968 575 3023 ld
602 2969 779 3037 (catharrum
801 2970 862 3039 rb).
946 2975 962 3023 6
990 2965 1152 3024 distillantia

139 3040 292 3109 poidlrd).
339 3046 354 3094 7
373 3040 470 3094 ursina
481 3055 533 3108 po:
552 3056 601 3095 ·no
615 3041 724 3110 ΗΜ).
741 3042 745 3109 Ι
762 3038 889 3109 alopieiia
902 3055 954 3108 po,
972 3038 1124 3110 ellopyeiia
1137 3038 1154 3104 l,

140 3109 230 3191 -pitiio
249 3112 268 3165 d
287 3111 329 3180 (r,
347 3109 443 3181 -petiie
462 3111 498 3180 b).
547 3115 563 3165 8
582 3111 725 3181 Aiuntqne
743 3113 789 3165 rb.
805 3112 809 3179 Ι
825 3109 949 3180 dampna
961 3110 1004 3164 ta.
1061 3115 1079 3164 9
1098 3124 1156 3165 oae-

140 3196 258 3236 norum:
277 3197 420 3237 caetorum
433 3197 465 3250 p,
482 3187 595 3237 oaeeore
609 3182 669 3248 (oie)
683 3199 713 3249 o,
733 3198 862 3236 eesornm
880 3181 914 3235 id
931 3181 1093 3249 (oeeoornm
1104 3181 1155 3250 rt).

177 3256 209 3305 11
230 3251 347 3307 adsidue
364 3268 394 3321 p,
414 3250 526 3330 assidue
544 3269 576 3318 o,
593 3251 705 3307 assidue
723 3253 768 3307 id:
789 3250 916 3320 qnotidie
933 3252 979 3306 rb.
996 3255 1000 3320 Ι
1016 3267 1108 3321 perun

140 3323 223 3392 turp
246 3324 462 3394 l-guatnrvid).
530 3325 572 3379 tit.
600 3323 642 3377 De
666 3322 799 3392 psittatie
816 3338 867 3391 po,
896 3322 939 3377 De
961 3322 1057 3390 psyllo
1077 3324 1157 3390 l(e

139 3392 269 3462 pointetio
287 3395 344 3464 ob).
399 3399 432 3448 12
451 3393 646 3449 Peittotiorum
665 3393 766 3462 (eioni
779 3396 806 3464 o)
824 3409 878 3463 po,
896 3392 1111 3463 Peyptatiorum
1124 3391 1158 3446 ld

139 3463 348 3589 (Pagatpgiorum
365 3465 421 3534 rb).
478 3462 623 3533 tegentia
640 3465 732 3533 poid:
752 3464 860 3533 gratiae
878 3465 923 3519 rb.
991 3469 1026 3518 14
1043 3464 1158 3520 edeam·

171 3550 223 3589 oa
268 3551 318 3606 pp,
510 3568 530 3577 -
