2392 3856
321 192 650 289 4411-

67 404 141 450 eum
168 388 262 449 colari
284 387 374 449 debet
395 402 493 466 usqne
523 387 560 448 ad
587 386 764 468 claritatem,
792 387 909 449 ferrens
936 395 1037 449 tamen

67 493 107 540 oo
129 475 316 538 mmndauda
337 484 393 538 est
430 474 559 555 eliquata
576 493 648 537 vero
671 485 702 537 et
720 476 895 556 refrigerata
917 477 947 536 in
966 493 1037 538 vasa

67 583 97 628 re
120 567 220 645 picato
243 573 379 628 servatur
401 563 438 624 ad
461 563 584 626 obsonia
607 564 779 626 condienda.

84 1026 127 1088 lie
151 1025 237 1088 malis
264 1025 405 1107 cydoneis
428 1027 493 1086 suci
520 1025 667 1087 confectio
697 1025 853 1087 utilissima
876 1032 923 1085 cst
950 1025 1032 1087 iasti-

67 1118 112 1178 ois
135 1122 167 1176 et
188 1116 215 1176 is
237 1115 289 1194 qui
307 1133 368 1175 non
391 1114 531 1192 digerunt
549 1111 641 1175 cibos.
678 1115 836 1176 conficitur
858 1122 957 1175 autem
981 1115 1032 1176 sic.

67 1197 223 1284 amantur>
256 1202 403 1264 malorum
431 1201 632 1283 cydoncorum
662 1205 809 1263 maiorum
838 1210 869 1264 et
896 1205 1034 1265 suavium

67 1294 91 1351 ci
120 1293 234 1355 sectarii
266 1290 339 1372 duo,
376 1292 425 1352 cui
461 1291 606 1352 admisces
638 1289 697 1352 mel
729 1292 873 1369 optimum
906 1290 1033 1355 alterum

67 1387 150 1463 otono,
179 1382 257 1441 aceti
288 1398 360 1440 vero
391 1378 548 1441 heminam.
595 1386 625 1441 et
657 1377 731 1440 haec
764 1397 854 1458 super
886 1378 1032 1442 carbones

67 1467 157 1530 ientes
179 1471 284 1549 coquis
306 1466 511 1550 mediocriter,
539 1475 570 1529 et
592 1466 767 1549 despumato
790 1466 873 1530 addis
895 1467 1032 1548 gingiber

75 1570 134 1640 111,
156 1558 243 1639 piper
266 1554 366 1618 album
391 1569 433 1620 ÷
451 1568 493 1639 11,
520 1557 616 1618 etsie
639 1559 749 1618 iterum
773 1574 863 1635 super
887 1555 1032 1618 carbones

67 1654 157 1709 entes
180 1647 284 1726 coquis
307 1644 343 1706 ad
367 1644 463 1708 mellis
486 1645 719 1724 spissitudinem.

76 1736 139 1797 noc
163 1730 347 1795 medicamen
369 1752 430 1794 uon
454 1733 550 1794 solum
572 1735 598 1794 is
624 1737 676 1814 qui
699 1734 898 1796 deiectionem
920 1732 1032 1795 habent

67 1823 162 1887 machi
185 1841 273 1903 quam
296 1820 402 1884 Graeci
425 1824 553 1883 atoniam
571 1831 678 1884 vocant
701 1819 796 1903 <utile
819 1818 901 1904 est>‚
924 1822 977 1883 sed
1001 1829 1031 1884 ct

84 1913 219 1976 atonIam
242 1911 357 1992 hepatis
380 1913 534 1992 patiuntur
556 1913 637 1972 iuvat
658 1910 802 1972 similiter.
839 1911 1031 1972 manifestum

76 2002 166 2064 enim
193 2001 262 2079 quia
284 2002 410 2061 maxime
433 2001 542 2060 ieiunis
570 1999 634 2060 dari
661 2006 779 2080 oportet
802 2000 897 2078 usque
921 1998 959 2061 ad
981 2018 1029 2061 co·

67 2109 101 2152 r.
144 2095 235 2150 nocet
257 2096 357 2149 autem
380 2087 452 2149 nihil
475 2087 522 2150 vel
544 2089 665 2150 minime
688 2091 807 2170 sipost
833 2086 934 2150 cibum
962 2090 1030 2169 quis

67 2175 115 2256 m]
141 2179 275 2258 accipiat
311 2177 387 2238 bene
416 2177 562 2256 accipitur
585 2180 612 2239 si
638 2179 757 2240 ieiunus
780 2179 918 2262 accipiat,
950 2180 1030 2240 etsi

67 2276 78 2330 t
112 2283 218 2327 cenam
250 2265 312 2327 vult
345 2268 494 2345 accipere:
531 2269 677 2346 optimum
705 2274 806 2328 autem
832 2274 951 2346 tempus
983 2273 1030 2328 est

67 2374 81 2416 e
111 2355 184 2415 duas
207 2362 259 2415 aut
281 2363 344 2415 tres
367 2354 456 2415 horas
479 2361 514 2415 ut
536 2363 605 2416 ante
633 2354 733 2416 cibum
756 2356 926 2434 accipiatur.
964 2357 1028 2432 qui-

67 2461 70 2496 =
102 2450 200 2513 antem
226 2461 263 2504 ex
291 2443 552 2523 distemperatione
583 2442 691 2503 caloris
718 2440 890 2503 stomachus
916 2444 1028 2520 patitur

82 2527 197 2610 quidm
224 2549 260 2593 ex
288 2530 437 2593 cholerico
468 2530 594 2592 humore
622 2529 769 2610 repletur,
800 2530 882 2590 iuvat
911 2536 1028 2591 remoto

76 2616 236 2681 subtracto
258 2620 412 2700 gingibere
436 2626 467 2681 et
488 2621 600 2700 pipere.

73 2705 179 2769 Sucus
201 2708 347 2771 malorum
366 2709 567 2788 cydoneorum
587 2707 674 2769 datur
693 2723 762 2767 cum
780 2711 864 2767 aceto
887 2712 917 2766 et
940 2705 1027 2767 mede

77 2937 96 2987 2
117 2947 186 2986 vaso
203 2949 228 2986 o.
283 2939 299 2987 3
318 2931 414 3002 picata
432 2937 496 2987 anm
513 2948 581 2987 corr.
600 2947 626 3001 p.
678 2930 772 2986 tsine
790 2931 831 2985 tit.
852 2929 897 2999 (es.
913 2928 1025 2987 Panna.

67 3005 120 3074 ἑο).
142 3002 204 3072 (D)e
223 3002 304 3058 malis
323 3020 356 3058 ac
373 3002 481 3058 idoneis
500 3003 571 3057 sucis
591 3003 650 3072 (sie)
668 3018 699 3072 p,
724 3002 766 3058 De
784 3000 867 3057 malis
884 2999 1026 3084 seidoneis

85 3091 102 3157 o
129 3072 169 3141 (D
188 3075 273 3129 rubro
291 3076 362 3145 scm).
423 3073 501 3129 nhis
518 3090 566 3144 po.
610 3081 637 3156 ,6
651 3074 803 3156 ‘sumuntur
820 3074 878 3142 ipse
895 3072 1025 3143 addida!

67 3161 185 3284 cccc
298 3142 1026 3296 {sistentem

69 3304 120 3357 pv.
142 3290 146 3353 Ι
170 3287 278 3366 habent
294 3304 323 3341 c:
342 3286 429 3341 habet
445 3303 470 3356 9.
526 3292 561 3369 lp
579 3287 725 3342 antennam
742 3287 787 3340 hcc
803 3301 822 3354 p
836 3286 947 3367 §atomo
965 3287 1000 3354 o),

67 3359 148 3413 nest
170 3359 229 3427 ipae
251 3359 356 3413 addidi.
431 3364 464 3412 14
480 3360 578 3442 'epatis
601 3373 648 3427 pv.
717 3361 750 3410 15
768 3355 853 3440 ΙοοοΙι.
883 3356 978 3438 (occid
996 3358 1023 3425 o)
1095 3441 1098 3447 ,

67 3430 266 3558 ididia.
285 3435 338 3555 :⁷
363 3428 685 3569 initiantem
700 3427 1022 3568 didimia

85 3586 132 3640 av.
819 3656 877 3714 m*
