2392 3856
445 212 665 276 -75-

67 390 91 434 as
112 380 145 434 cl
168 372 308 434 remedia.
345 373 398 434 sad
425 392 495 434 cum
517 375 630 454 aliquae
661 395 709 436 res
733 380 796 457 plu-

67 459 130 523 hs
143 462 225 522 vitiis
238 464 365 543 prosint,
379 461 554 525 brevitatem
567 473 688 526 seculus
703 484 798 544 genus

67 551 214 631 sripturae
236 549 313 629 elegi
332 551 412 630 quod
436 551 603 613 subiectum
627 562 681 613 est.

110 636 235 699 vermes
259 641 365 718 quiin
388 638 467 718 ligno
490 650 667 723 nascuntur,
691 660 795 702 vocan·
824 651 930 713 sono.

67 730 101 789 h
119 744 234 809 cosses,
259 727 291 787 hi
314 729 377 789 uiti
400 730 552 813 inqpanno
575 729 743 791 inlinuntur
766 740 797 792 el

67 812 141 877 itari
175 825 375 895 apponuntur.
426 816 506 878 idem
542 817 690 879 combusti
727 837 795 879 cum
858 819 895 874 ib.

67 905 131 965 {Ul
153 907 220 984 pari
253 905 384 984 poodem
417 907 547 985 impositi
581 924 683 967 nomas
720 926 795 986 quos

73 998 150 1053 u
180 1011 306 1053 cancros
338 996 456 1055 sistunt.
506 995 575 1054 sumo
608 997 707 1056 ovium
739 995 794 1056 sub
822 1004 926 1067 sonu.

70 1080 126 1141 Μ
140 1081 284 1142 calefacto
302 1090 333 1143 et
352 1082 474 1143 subacto
493 1090 628 1143 tumores
643 1083 794 1166 sedantur,

67 1160 160 1230 hnc
192 1179 344 1232 sanantur.
395 1190 497 1230 nomas
535 1175 644 1232 sistunt
676 1173 792 1233 cocleae
821 1181 926 1243 30‚116.

67 1256 155 1319 niae
182 1257 219 1318 de
244 1277 299 1318 suo
322 1267 400 1320 testo
424 1262 535 1320 eiectae
559 1269 589 1320 el
616 1263 647 1320 in
671 1260 792 1322 linteolo

67 1342 144 1423 Hae
161 1355 193 1407 el
210 1350 370 1426 appositae.
398 1348 538 1408 cacoelhe
558 1348 694 1408 emendat
713 1347 794 1408 ulula
820 1355 917 1419 30,118

67 1428 174 1495 bocla
203 1436 234 1495 in
267 1435 332 1495 oleo
360 1445 390 1496 el
418 1438 546 1497 contrita
573 1438 622 1495 cui
650 1438 793 1496 miscetur
821 1427 881 1492 (Μ
900 1430 926 1494 r)

67 1517 184 1602 hlyrnm
215 1519 335 1584 ovillum
367 1532 398 1585 et
430 1524 496 1585 mel.
542 1524 646 1583 eadem
678 1527 791 1584 ratione
820 1532 917 1594 salas

67 1618 188 1672 arantur
201 1620 232 1672 et
246 1611 330 1691 cybio
341 1622 450 1693 vetere,
465 1613 544 1692 quod
556 1622 588 1674 ut
598 1613 791 1691 emplastrum
820 1603 880 1670 (⁰m·
899 1605 924 1673 r)

67 1714 140 1775 ¹nanno
157 1699 244 1771 inlini
262 1700 359 1761 debet.
391 1719 507 1762 vermos
527 1701 679 1762 ulceribus
698 1704 791 1763 innati
819 1709 923 1771 sapas.

67 1800 183 1849 marum
206 1789 273 1848 lelle
297 1789 451 1850 tolluntur.
489 1808 564 1868 quae
588 1798 712 1869 serpunt
735 1790 790 1850 sal·
853 1789 890 1844 ib.

67 1884 177 1938 amento
204 1881 299 1937 veleri
326 1887 394 1938 luso
422 1881 452 1938 in
486 1879 607 1937 modium
639 1879 791 1956 emplastri

67 1973 194 2026 uantur.
227 1967 309 2026 mdix
332 1968 457 2046 peponis
477 1969 603 2026 contrita
622 1965 723 2025 ulcera
746 1983 790 2025 sa·
819 1972 905 2033 loll.

67 2058 99 2112 al
125 2055 155 2114 iu
182 2054 304 2116 modum
332 2057 388 2115 lavi
416 2062 568 2136 concreta,
604 2072 678 2132 quae
711 2057 790 2114 ceria

67 2150 154 2203 mant.
193 2160 295 2203 semen
318 2142 441 2221 raphani
469 2161 505 2203 ex
534 2162 609 2222 aqua
633 2145 736 2204 tritum
760 2152 790 2204 el
818 2150 905 2213 202⁷.

67 2233 208 2307 positum
236 2233 315 2291 sistit
345 2231 443 2292 ulcera
477 2250 552 2311 quae
585 2231 789 2311 phagedaenas

67 2482 69 2490 y
116 2425 128 2471 1
156 2419 268 2488 aliquae
291 2436 347 2473 rese
376 2418 525 2488 aliquoties
549 2422 572 2475 b.
647 2426 663 2473 4
687 2419 802 2473 Varmas
830 2436 901 2488 qnos
927 2416 1005 2485 ligno
1028 2434 1055 2472 n.

67 2484 105 2550 μήθ)
120 2505 144 2557 9.
165 2493 169 2555 1
189 2490 220 2544 in
237 2490 315 2560 ligno
334 2492 353 2543 i.
373 2506 393 2545 e.
412 2490 442 2544 in
461 2490 559 2544 arbore
578 2506 649 2544 aava
666 2489 713 2543 val
731 2488 846 2610 putrida
860 2488 952 2542 Marc.
963 2502 994 2566 ρ.
1009 2491 1052 2541 42.

85 2560 203 2615 ocosses
223 2561 328 2630 Pl.(r):
352 2563 441 2616 masas
459 2561 522 2630 pdb
540 2563 601 2627 (om.
623 2560 679 2626 Μ).
704 2557 708 2628 Ι
753 2574 786 2612 aa
804 2557 866 2612 criti
883 2573 909 2625 9.
935 2560 938 2622 Ι
963 2555 1056 2609 houn-

67 2638 134 2698 Μ,
156 2630 315 2686 illiniuntur
337 2632 385 2688 db.
458 2629 569 2684 'lancti
590 2629 737 2698 ydrffllz
761 2627 839 2682 anesi
858 2628 904 2681 Pl.
928 2628 933 2695 1
958 2640 1056 2681 nomas

67 2710 113 2762 {uos
128 2718 154 2756 v.
174 2718 290 2756 cancros
308 2703 337 2757 b:
357 2718 441 2757 noma
454 2703 548 2770 (nomo
562 2701 592 2769 d)
611 2698 685 2768 quod
699 2700 802 2753 vocant
820 2715 920 2755 cancor
932 2698 987 2767 qd,
1006 2713 1054 2752 no·

67 2779 104 2823 nas
118 2772 194 2841 quod
208 2774 253 2827 ost
271 2789 399 2828 cancere
416 2773 527 2842 (sanant
546 2770 735 2826 carcinomata
754 2770 809 2839 Μ).
861 2771 966 2826 illesis
978 2769 1054 2839 pali:

67 2841 115 2895 alo
134 2843 179 2900 Pl.
198 2843 339 2911 (sublecta
355 2846 390 2912 r).
464 2850 497 2898 10
515 2844 649 2897 sananim
665 2844 704 2912 pb
727 2843 892 2912 (purgantur
910 2843 1055 2897 sanantur·

67 2913 178 2984 lnePl.):
194 2914 326 2969 sedantur
335 2915 454 2982 (mooe)
464 2913 610 2982 dlfislulao
617 2916 721 2984 purgat
730 2917 763 2983 r).
781 2916 785 2981 Ι
800 2913 1053 2980 nomasialzunlpd.

82 2987 108 3037 11
129 3001 179 3039 suo
197 2987 272 3040 lesio
290 3002 308 3054 9
327 2986 408 3052 (lesia
428 2984 469 3052 bl:
494 3001 545 3038 sua
562 2985 637 3039 lesia
655 2986 681 3040 d.
755 2991 787 3039 12
806 2985 938 3050 cacoelha
962 2996 1053 3037 aman-

67 3054 94 3107 sl
109 3055 177 3123 (Pl,
202 3056 294 3112 Marc.
310 3057 326 3110 l.
342 3059 388 3123 cl:
413 3070 445 3109 aa
467 3071 500 3109 ua
516 3056 639 3124 (equod)
655 3056 806 3111 emendant
823 3056 880 3123 (rel.
896 3055 934 3110 ad
944 3053 1053 3123 priora)

68 3123 111 3180 dl.
136 3129 141 3192 1
166 3124 245 3181 ulula
263 3126 344 3194 (avis)
364 3126 423 3179 Pl:
477 3125 535 3181 iola
551 3127 615 3195 pdb
634 3127 725 3194 (inula
744 3127 801 3197 Μ).
875 3132 908 3181 14
937 3123 1055 3181 ovillum

67 3195 164 3251 mrum
184 3197 211 3251 d.
284 3203 318 3251 15
337 3198 366 3251 el
384 3195 587 3252 cibio-debal
604 3198 656 3267 qb:
675 3214 725 3253 om.
745 3199 764 3252 d
781 3197 841 3266 (ubi
857 3199 897 3252 sic
916 3197 1013 3252 eadam
1031 3213 1052 3250 r.

67 3269 181 3345 pranlur.
209 3267 325 3322 Varmaa
344 3273 390 3322 eta.
414 3267 523 3334 (eadem
541 3287 563 3322 r.
582 3271 714 3323 curantur
738 3269 901 3334 elleboro,
929 3267 978 3323 aad
1000 3266 1054 3344 hoc

67 3337 105 3392 nii
127 3338 274 3408 emplastri
295 3355 387 3408 panno
410 3337 492 3393 inlini
514 3338 598 3394 debel
626 3339 718 3395 Marc.
737 3355 768 3407 p.
788 3343 842 3406 42).
915 3343 949 3393 16
967 3351 1055 3404 panm

67 3406 99 3478 io)
118 3425 144 3479 9.
217 3414 252 3464 20
270 3409 329 3464 lavi
346 3410 476 3479 aalma:
495 3410 555 3465 iani
572 3411 599 3465 d.
627 3413 631 3478 Ι
656 3426 727 3479 quaa
747 3409 822 3464 aeria
839 3408 948 3474 offla:
967 3419 1054 3473 quam

67 3491 139 3535 stoan
147 3481 197 3551 od.
221 3485 255 3542 22
267 3482 465 3550 elappositum
475 3481 491 3535 b
501 3481 551 3549 (M
558 3482 594 3548 cs.
605 3480 674 3548 Pil:
685 3497 735 3536 aaa
744 3481 794 3550 qd.
811 3481 815 3544 l
830 3475 1004 3534 ulcamsislil
1015 3474 1051 3546 dl

67 3545 239 3620 isgedaonas
250 3551 309 3606 Pl:
323 3550 459 3606 laridinas
472 3567 498 3620 9,
512 3550 652 3606 faradines
661 3550 687 3616 b,
700 3548 890 3620 pharelidasd
904 3549 964 3618 (om.
974 3547 1054 3616 rM).
