2392 3856
515 180 758 246 -200-

235 353 266 406 et
293 352 394 406 menta
421 346 492 406 trita
524 352 555 405 et
586 345 617 405 in
649 345 770 423 potione
796 342 941 423 perducta
968 345 1144 423 sanguinem

234 431 430 495 reicientibus
459 439 596 512 prosunt.
636 432 738 495 eleum
768 433 800 493 in
832 450 891 511 quo
923 431 1050 495 decuma
1075 444 1146 497 sunt

234 523 369 585 intusum
389 524 481 602 capiti
501 521 631 583 caducm
653 528 684 583 et
706 519 885 599 letlnrgicos
907 522 1027 583 excitat
1064 522 1144 585 ulce-

234 610 319 673 ribus
341 612 507 673 maceratis
524 618 555 671 et
573 612 687 672 caninis
707 608 858 671 morsibus
873 611 946 671 trita
963 628 1037 671 cum
1057 611 1144 674 melle

236 699 424 761 subvenirmt.
462 698 580 759 dolores
598 700 740 759 iocineris
757 715 793 759 ac
810 701 929 759 renium
947 697 1169 763 mosomum

236 791 267 848 in
290 805 365 867 aqua
388 795 478 866 potus
500 789 660 868 extinguit,
684 787 813 847 admixto
831 786 947 847 modico
970 805 1062 867 passo
1086 808 1142 869 qno

236 876 312 937 solet
330 877 460 954 potionis
479 876 625 937 eiusmodi
642 874 807 936 amaritudo
825 874 922 936 leniri.
955 892 1028 937 cum
1045 881 1143 938 resina

236 963 435 1026 terebinthina
454 983 510 1043 pro
529 972 664 1025 euemate
683 965 751 1025 data
769 962 900 1025 calculos
918 964 1076 1048 iranguut,
1093 966 1144 1026 ob·

236 1055 375 1115 strictum
388 1051 520 1113 canalem
529 1054 645 1113 vesicae
656 1051 818 1114 laborantis
831 1054 971 1132 pervium
980 1062 1138 1134 praestant

236 1143 312 1202 tussi
334 1148 366 1201 et
392 1139 457 1201 colo
484 1148 612 1221 prosunt
634 1159 703 1202 crim
731 1140 880 1202 clelisiaco
903 1159 940 1202 ac
960 1140 1042 1203 melle
1063 1151 1174 1203 con-1⁰

235 1231 306 1290 trita
329 1231 413 1290 etin
435 1227 585 1290 abellanae
609 1232 694 1292 uncis
717 1228 921 1310 magnitudine
946 1235 1065 1309 sumpta

303 1316 351 1379 Fit
384 1317 634 1380 medicamentum
660 1337 696 1380 ex
727 1319 835 1379 amaris
862 1316 1039 1400 amygdalis,
1063 1317 1141 1397 quod

236 1406 425 1469 Dioscorides
448 1406 496 1468 dia
515 1406 687 1488 amygdalon
707 1408 814 1486 picron
832 1406 975 1488 appellat,
997 1406 1094 1487 spleni
1113 1415 1142 1468 et

236 1497 361 1557 iocineri
379 1498 564 1575 maximeque
584 1497 722 1576 aurugini
739 1497 957 1575 necessarium,
976 1494 1061 1575 qued
1077 1513 1137 1557 cen·

236 1584 336 1645 licitur
363 1586 415 1646 sic.
447 1584 667 1665 amygdalorum
694 1615 737 1628 -
760 1597 801 1665 11,
833 1585 1062 1663 gentianae-
1080 1591 1170 1663 1111,ss

237 1674 320 1733 anesi
349 1705 392 1715 -
415 1687 456 1753 11,
487 1671 628 1735 absinthii
658 1674 772 1753 pontici
798 1705 841 1715 —
864 1686 892 1753 1,
923 1673 1029 1733 omnia
1060 1670 1140 1735 simul

237 1769 325 1822 tunsa
343 1760 527 1842 cribrantur,
550 1780 586 1822 ex
605 1779 641 1821 co
662 1761 786 1842 pulvere
809 1760 991 1822 coclearium
1011 1779 1050 1822 ex
1073 1777 1143 1841 aqua

237 1848 332 1911 datur.
374 1850 498 1911 mulsam
527 1852 654 1910 miscent
686 1851 737 1929 qui
769 1851 890 1909 nimiam
917 1850 1145 1911 amaritudinem

237 1939 338 1999 vitant.
365 1939 525 2000 vehemens
544 1937 601 2000 boc
619 1956 685 1999 esse
706 1940 794 1998 etiam
814 1936 986 1998 domesticis
1005 1940 1040 1998 in
1054 1955 1143 1999 uxore

164 2056 204 2111 D,
241 2033 355 2088 servata
379 2029 591 2106 experimentis
613 2025 744 2106 probavi.
1155 2032 1180 2072 ²⁰

142 2132 231 2195 1,1te.
308 2113 425 2175 Gummi
453 2116 533 2193 quod
561 2114 705 2195 amygdali
732 2113 821 2175 arbor
848 2112 985 2195 exsudat,
1021 2116 1144 2175 mixtum

203 2325 217 2374 1
238 2317 307 2373 trita
323 2320 373 2374 rb:
391 2317 476 2375 tritae
494 2336 547 2389 gv,
570 2320 622 2376 hee
640 2320 708 2376 trite
723 2321 765 2376 ld.
790 2322 795 2390 Ι
819 2320 934 2391 potione
952 2320 1047 2389 polsi:
1071 2335 1143 2374 -nem

130 2393 176 2446 rb.
198 2390 203 2460 Ι
226 2389 364 2461 perducta
386 2391 485 2462 rim:
512 2391 647 2465 perducta
669 2409 699 2461 o,
721 2392 856 2462 perducis
874 2393 915 2447 ld.
980 2395 997 2445 s
1016 2388 1142 2447 iocineris

128 2464 221 2533 pald:
234 2460 419 2520 iecinorisrb.
436 2466 440 2528 Ι
455 2461 564 2518 renium
572 2480 624 2533 po:
639 2479 738 2518 renum
747 2463 851 2533 lopo).
868 2464 874 2530 Ι
889 2462 1071 2517 decoctorum
1078 2460 1142 2532 poi:

132 2535 275 2589 coctorum
293 2534 342 2603 rb,
361 2551 411 2591 oro.
430 2535 458 2588 d.
522 2541 641 2604 sparsa
668 2535 719 2602 sic)
737 2550 762 2588 o.
778 2534 783 2604 Ι
799 2531 993 2603 quo—leniri
1012 2533 1109 2588 om.d

131 2612 148 2659 8
166 2603 337 2660 terebintina
354 2607 429 2674 god,
447 2605 643 2660 thersbenbina
689 2603 919 2674 (therebynthina
935 2604 970 2671 r).
987 2605 991 2670 Ι
1011 2619 1065 2673 pro
1083 2618 1141 2658 ene

130 2677 208 2730 maie
225 2691 256 2744 g:
299 2691 330 2729 ro
348 2677 459 2730 nemeis
477 2677 522 2746 ol,
545 2676 710 2746 pronamaia
727 2677 766 2731 dr
785 2675 959 2745 (prooemaia
976 2675 1013 2743 b).
1046 2672 1140 2740 aedes.

133 2748 177 2802 Pi.
198 2763 232 2801 ex
250 2746 302 2798 ec'
353 2748 399 2801 aie
414 2742 608 2816 Ιέκλειχόμενα
625 2747 682 2817 12).
750 2747 943 2816 ipraeaiant:
961 2743 1087 2800 reddunt
1103 2744 1138 2798 ld.

169 2822 202 2870 10
221 2815 304 2869 ebolo
316 2833 346 2886 p,
365 2817 445 2872 tholo
458 2834 483 2870 v.
500 2821 505 2886 Ι
520 2817 619 2873 helelis
632 2817 708 2872 fusco
721 2833 772 2886 go,
791 2815 902 2871 herolia.
924 2814 1002 2870 iasco
1017 2816 1054 2871 ld
1067 2812 1139 2885 (beli-

132 2886 221 2943 liiiate
239 2887 315 2953 rbffl,
334 2887 478 2942 halilisacs
497 2889 532 2958 b).
588 2894 621 2942 11
641 2887 788 2943 abellanas
805 2903 843 2958 po
862 2887 909 2955 (cf.
928 2902 950 2941 c.
967 2887 1046 2956 teg.):
1070 2884 1137 2942 avel-

131 2959 196 3014 lsus
224 2958 347 3084 ΖὰΙνὟ.
374 2962 377 3027 Ι
402 2959 432 3013 iu
455 2975 498 3014 av.
522 2959 606 3014 modo
629 2961 743 3029 sumpla
765 2959 792 3014 d.
860 2962 974 3012 12-20
997 2973 1050 3012 orta
1069 2959 1096 3015 d

133 3037 166 3084 13
186 3029 313 3100 dyoscori
334 3047 363 3085 es
381 3028 581 3099 dyamigdalon
597 3029 699 3100 pigron
718 3031 735 3083 l.
756 3029 761 3098 Ι
785 3027 834 3083 dia
852 3027 1024 3098 amygdalon
1041 3045 1073 3098 pe
1095 3027 1138 3096 dy·

131 3100 294 3170 amigdalon
312 3118 336 3155 o.
352 3103 357 3168 Ι
373 3101 469 3171 pieton
488 3103 538 3170 (sic
554 3102 604 3172 po)
622 3117 673 3158 om.
691 3101 736 3155 rb.
801 3104 836 3154 14
853 3098 970 3154 iocineri
987 3101 1057 3169 poi:
1078 3096 1139 3154 isoi-

132 3171 193 3226 nori
210 3172 255 3226 rb.
276 3174 281 3239 Ι
306 3171 427 3242 aurigini
444 3189 469 3227 o.
540 3176 573 3225 15
597 3171 702 3242 Accipe
721 3186 775 3226 am.
794 3169 892 3226 undat
911 3169 981 3224 duas
999 3174 1048 3226 olo.
1066 3170 1110 3225 rb.

133 3247 167 3297 te
189 3241 278 3297 anesii
300 3243 311 3297 i
337 3241 424 3312 (misi
441 3244 501 3311 rb).
527 3245 532 3307 Ι
562 3241 683 3298 absentii
703 3243 808 3313 po(r).
840 3243 844 3308 Ι
877 3257 950 3311 qnae
978 3241 1075 3296 omnia
1099 3237 1141 3295 rb.

132 3314 168 3382 cf,
195 3329 290 3382 supra
395 3319 428 3368 17
458 3314 488 3369 ei
514 3329 549 3368 ex
577 3330 610 3368 eo
639 3314 741 3382 rb(l).
776 3314 781 3382 Ι
814 3311 1064 3381 coclileollmium
1092 3308 1141 3380 pol

133 3384 274 3452 (cochlear
292 3385 322 3451 b,
340 3385 501 3454 cocleare).
571 3390 605 3439 19
623 3383 693 3438 Veh„
712 3399 824 3452 nanque
843 3383 870 3437 h.
888 3383 934 3438 rb.
960 3384 965 3449 Ι
991 3381 1140 3438 domestico

134 3454 198 3510 sinn
211 3456 361 3512 senatum.
381 3472 444 3526 exp.
458 3457 476 3510 l.
493 3455 497 3527 Ι
513 3455 543 3510 in
556 3471 654 3510 uxore:
672 3455 791 3509 inuxuro
805 3455 867 3524 (sic)
878 3470 904 3510 o.
954 3457 987 3507 at
1002 3447 1142 3524 amygdali

134 3527 230 3582 arbor:
249 3525 393 3596 amigdala
411 3526 540 3595 arbore,
558 3525 739 3596 amygdalum
758 3525 799 3581 ld.
1058 3545 1061 3554 ·
