2392 3856
418 233 636 298 „53-

48 394 76 455 le
108 391 337 474 subfervetlunt,
371 396 413 455 sic
441 393 524 455 datae
553 396 584 455 in
612 394 679 456 cibo
703 414 768 458 coa·

48 499 166 545 morum
178 480 312 543 dolorem
322 481 467 543 mulcent:
481 482 632 544 abstinere
647 501 663 542 a
677 484 768 562 frugi-

48 589 74 632 rs
106 571 193 651 prius
224 569 361 649 gallinam
398 579 429 633 et
464 570 614 632 hominem
642 581 768 651 oportet.

48 676 107 722 nus
130 657 319 720 columbinus
342 666 439 720 tostus
462 667 492 719 et
514 661 604 720 tritus
631 659 767 739 dysente-
830 661 868 717 st.

48 749 90 809 cis
123 749 154 808 in
186 750 307 826 potione
344 749 528 828 propinatur.
573 747 704 828 palumbi
736 750 767 809 in
830 747 867 803 st.

48 843 103 898 reto
130 833 257 896 discocti
285 844 316 896 et
347 836 542 916 dysentericis
570 845 600 897 et
632 836 768 898 coeliacis
796 818 857 885 (Μ
871 820 897 889 'l

48 920 136 987 scibo
154 923 321 985 medentur.
350 924 553 1004 dysentericos
570 924 688 986 adiuvat
706 935 767 986 tur·
830 924 869 979 ib«

47 1011 249 1073 hmassatus
278 1015 367 1073 tritus
394 1016 425 1072 in
449 1012 516 1073 cibo
540 1022 676 1092 sumptus
700 1031 768 1075 cum
796 996 857 1061 (Μ
870 995 918 1064 'll

48 1102 110 1181 tyrd
131 1099 223 1161 bacis.
259 1103 331 1161 item
358 1102 389 1161 in
413 1101 541 1161 eundem
564 1101 685 1163 modum
707 1120 768 1162 me·
795 1100 832 1154 ²⁶⁶·
858 1101 918 1167 (Μ
933 1099 982 1168 rb)

47 1186 88 1249 ils
112 1190 250 1250 sumitur.
288 1191 494 1268 gravissimum
524 1192 637 1250 ventris
664 1192 768 1251 vitium
795 1198 884 1261 tots.

47 1276 281 1357 aosappellatur:
295 1277 364 1338 huic
375 1280 488 1338 resistit
498 1277 641 1357 discerpti
650 1296 767 1357 vesper·
830 1277 868 1332 sb·

47 1360 134 1427 mnis
157 1367 278 1444 sanguis
305 1365 408 1426 inlitus
430 1366 536 1425 ventri.
573 1364 769 1444 dysentericis

47 1468 76 1515 ts
86 1452 185 1533 pridie
199 1455 230 1513 in
249 1462 333 1514 aceto
347 1460 551 1532 macerantur,
571 1469 676 1512 comm
689 1450 769 1513 lutea
796 1460 883 1523 tau.

47 1541 173 1620 iguntm
199 1543 230 1600 in
258 1541 323 1601 oleo
355 1549 385 1602 et
412 1541 601 1602 devorantur.
647 1559 700 1601 ova
732 1559 768 1601 ex
796 1549 883 1613 2249.

47 1637 106 1691 acto
124 1638 326 1710 macerantur,
350 1648 386 1690 ex
409 1629 455 1690 his
475 1638 505 1690 et
528 1630 622 1690 larino
640 1638 671 1690 ot
693 1647 768 1709 aqua

47 1719 106 1778 mis
130 1716 267 1778 coeliacis
290 1718 331 1778 flt.
369 1718 488 1797 quidam
516 1718 619 1778 eadem
642 1736 695 1778 ova
722 1736 768 1778 re·
831 1715 868 1771 o.

47 1805 141 1866 ilmnt
169 1814 199 1866 et
225 1807 257 1866 in
284 1808 393 1885 patinis
420 1813 498 1866 tosta
529 1805 600 1866 dant
629 1808 661 1866 in
693 1805 768 1866 cibo.

47 1911 127 1954 meus
140 1901 227 1955 vetus
241 1893 346 1955 ovillus
365 1896 397 1953 in
417 1893 484 1954 cibo
503 1892 634 1973 prodest.
667 1911 769 1953 sevum
797 1899 886 1962 toto.

47 1981 142 2043 sillum
166 1981 322 2042 decoctum
349 1983 382 2042 in
409 1983 477 2041 vino
500 1989 621 2042 austero
648 1979 769 2041 bibitur.
831 1979 868 2036 sl).

47 2088 78 2130 oc
97 2078 129 2132 et
146 2069 204 2130 ileo
224 2069 368 2131 medetur.
397 2068 514 2131 cocleae
535 2069 610 2130 duae
629 2076 769 2131 teruntur
831 2068 869 2124 st.

47 2177 92 2220 om
116 2160 179 2219 suis
201 2161 287 2219 testis
306 2167 336 2219 et
359 2176 412 2219 ova
431 2158 523 2219 cruda
543 2176 579 2218 ex
601 2159 682 2237 passi
704 2176 768 2237 cya-

47 2249 81 2308 ris
112 2245 243 2327 duobus,
276 2264 368 2325 aquae
397 2246 510 2326 cyathis
539 2245 650 2329 tribus,
680 2254 770 2325 atque

47 2344 119 2396 itum
146 2336 177 2393 in
200 2353 276 2394 novo
300 2352 368 2395 vase
392 2334 568 2396 calefactum
594 2334 631 2395 ad
658 2342 769 2413 tempe·

47 2432 191 2483 amentum
209 2423 340 2502 potionis
358 2420 478 2484 bibitur.
516 2421 683 2483 coclearum
701 2438 771 2482 cum
798 2428 885 2493 tect,

93 2720 108 2769 1
134 2714 165 2769 in
188 2713 251 2769 cibo
275 2713 434 2770 siliscorum
451 2728 483 2783 9,
510 2711 540 2766 in
563 2710 648 2766 cibos.
675 2709 821 2766 iliacorum
843 2710 870 2767 d.
948 2715 965 2766 2
988 2709 1037 2767 ab·

46 2784 127 2840 iners
145 2784 276 2854 yr(Pl.):
296 2784 332 2838 -ri
345 2785 371 2840 d.
392 2790 397 2854 Ι
422 2801 440 2839 a
456 2781 596 2853 frugibus:
615 2783 655 2837 sic
668 2783 751 2838 etlam
764 2782 800 2837 rb
815 2782 858 2850 (de
871 2783 1034 2850 „vet.lecl.“

46 2860 96 2910 rot
114 2855 174 2926 br).
248 2854 390 2910 tciliscis
408 2858 439 2910 et
455 2852 637 2909 dissintericis
655 2871 671 2908 r
689 2854 724 2922 (b.
743 2853 778 2921 cf.
795 2853 859 2923 Pl).
888 2852 1036 2924 dysinteri-

47 2943 61 2980 s
77 2941 97 2996 9
124 2927 312 2996 (mamper).
386 2923 550 3009 cananaeis
566 2941 597 2994 με
622 2923 713 2979 iliacis
735 2925 788 3009 d..
834 2925 1036 3009 tcum(Pl.)=

46 2998 524 3151 d⁹lc⁹dydaoterddoowedloetmdddd
536 2996 765 3122 ²⁰&thde
775 2999 1036 3136 fld'dffoffddy

46 3153 121 3194 mom
148 3139 268 3193 totalem.
338 3143 370 3191 11
394 3137 472 3207 yleos
495 3139 522 3194 cl.
548 3138 552 3208 Ι
577 3136 788 3207 appellatura:
816 3138 933 3193 vocatur
955 3138 981 3192 d.

46 3216 54 3266 ⁸
76 3207 170 3292 midi?
188 3226 204 3263 r
221 3208 304 3333 lm
330 3206 516 3334 pdlddenld}
536 3207 1037 3334 demde—amddddmmel'llclbi

46 3284 103 3420 »ἷῇ
126 3278 289 3406 dniffids
304 3321 338 3404 'rr
352 3349 464 3420 patenis
481 3359 528 3419 ρο.
562 3320 608 3404 '19
623 3296 789 3418 auloedos.
835 3295 939 3404 ddireo
954 3347 1036 3416 (rea

46 3420 129 3476 lincis
178 3438 207 3490 r,
238 3419 330 3477 iliacis
357 3422 383 3476 d.
461 3426 495 3476 21
524 3420 622 3477 cruda:
651 3419 737 3474 cruda
759 3439 782 3474 11
805 3417 897 3473 Marc.
920 3434 951 3486 p.
976 3421 1036 3471 193.

46 3496 109 3618 'ch
126 3437 221 3633 ἔξω
246 3507 276 3561 9:
308 3507 357 3548 om.
382 3491 408 3546 d.
491 3496 525 3547 tt
552 3491 583 3545 in
609 3509 635 3546 n.
658 3509 685 3546 v.
714 3489 860 3545 decoctum
881 3504 905 3543 r.
936 3491 940 3555 Ι
970 3505 1036 3546 vase
