2392 3856
533 183 774 250 -182-

160 336 247 479 2335·
323 344 371 406 Fit
394 365 429 406 ex
453 347 536 407 acido
559 348 669 426 punico
696 346 946 408 medicamentum
969 349 1116 408 stomatice
1135 364 1147 407 a

259 434 381 496 Graecis
399 438 595 516 nominatum,
618 438 704 498 cuius
727 437 902 516 compositio
922 436 988 496 eius
1006 434 1086 496 modi
1104 444 1150 497 cst.

257 524 391 585 detracto
419 528 531 586 cortice
558 524 632 585 mala
660 524 842 606 tunduntur,
870 542 907 584 ex
929 523 977 584 his
1001 542 1091 586 sucus
1111 542 1151 586 ex·

256 615 409 694 primitur,
436 616 462 674 is
486 613 627 675 decoctus
650 613 686 674 ad
714 615 818 675 tertias
841 631 911 673 cum
938 612 975 673 ad
1003 615 1155 675 sextarium

256 704 371 762 venerit
395 704 475 763 croci
497 701 540 764 sd.
563 717 615 783 vr,
638 720 754 782 myrrae
776 701 819 762 sc.
843 716 893 783 vl,
917 701 1059 765 aluminis
1080 686 1192 766 escit*

255 806 298 867 sc.
318 822 368 888 vr,
392 807 486 869 mellis
509 811 613 888 optimi
635 808 684 870 hb.
703 823 725 870 1.
761 808 818 869 boc
840 807 1061 872 medicamento
1081 828 1155 891 prae

256 898 343 975 cipue
376 896 496 975 quidem
524 899 585 958 oris
612 899 681 959 vitia
709 904 864 978 sanantur,
894 915 1005 959 verum
1037 905 1067 960 et
1094 900 1157 960 vitia

256 986 373 1045 narium
396 986 511 1063 mitigat
533 993 563 1046 et
586 989 704 1047 aurium
727 986 849 1047 vulnera
872 994 1021 1067 expurgat
1043 995 1072 1049 et
1092 1005 1155 1048 ocu·

132 1135 139 1153 ,
255 1071 354 1134 lorum
381 1072 537 1152 caliginem
563 1073 698 1155 discutit,
730 1075 830 1136 ulcera
862 1077 955 1136 ctiam
986 1074 1150 1155 genitalibus

183 1154 227 1208 Pl.
255 1162 356 1222 innata
382 1170 530 1241 persanat.
566 1162 599 1223 tit
626 1172 656 1225 ct
683 1163 755 1225 haec
779 1165 958 1243 compositio
981 1162 1016 1225 de
1037 1164 1143 1245 punicis
1155 1173 1181 1213 1⁰

158 1230 246 1295 2459.
256 1250 335 1330 apud
362 1249 491 1343 Graecos
517 1253 638 1333 oporice
667 1253 745 1314 dicta
772 1260 876 1314 contra
903 1269 1069 1313 marcorem
1095 1258 1146 1312 sto

257 1339 353 1401 machi
376 1359 409 1400 ac
433 1340 583 1401 fastidium
602 1344 778 1403 necessaria.
805 1345 836 1402 in
856 1343 963 1420 congio
985 1342 1076 1403 musti
1091 1357 1150 1402 eou-

254 1430 387 1490 iciuntur
410 1432 541 1508 quinque
568 1431 690 1511 punica,
717 1430 841 1492 totidem
865 1438 894 1491 et
919 1429 1069 1511 cydonea,
1094 1444 1149 1490 cum
1183 1460 1192 1505 t

255 1515 301 1576 bis
321 1516 478 1578 sorborum
497 1520 657 1599 sextariuS,
678 1522 755 1580 roris
774 1518 881 1599 syriaci
900 1520 1069 1600 sextarius,
1084 1515 1145 1579 croci
1185 1528 1192 1601 J

149 1739 253 1810 (ii-96)
324 1729 487 1788 Punicorum
510 1732 610 1789 multae
631 1734 755 1790 virtutes.
793 1737 859 1786 sunt
880 1728 969 1787 dulcia
994 1731 1072 1788 acida
1089 1730 1174 1787 mou

255 1813 329 1871 lenta
344 1815 447 1872 acerba.
485 1815 573 1873 dulcia
595 1815 696 1874 bahent
717 1812 821 1888 aliquid
844 1812 960 1886 caloris,
988 1824 1019 1871 ct
1041 1815 1101 1873 ideo
1117 1813 1150 1868 in·

255 1896 379 1956 dationes
394 1901 527 1958 stomachi
538 1907 647 1959 movent
661 1908 690 1959 et
703 1907 855 1974 egeruntuy
869 1905 897 1955 ct
910 1898 1013 1973 partim
1028 1898 1149 1957 nutriunt

255 1980 469 2040 febricitantibus
497 2001 552 2041 nou
584 1985 693 2044 dentur.
743 1985 816 2042 acida
849 1982 992 2059 frigidiora
1022 1980 1150 2042 stomacho

255 2065 436 2122 accommoda.
467 2069 570 2126 urinam
591 2077 716 2147 movent,
737 2068 880 2144 pulmones
895 2067 1077 2141 refrigerant,
1096 2066 1150 2124 ioci
1178 2130 1181 2139 ¹

254 2164 319 2205 nere
347 2148 532 2207 laborantibus
559 2159 733 2209 succurrunt.
777 2153 913 2210 vinolenta
944 2153 973 2209 in
1002 2168 1055 2209 usu
1081 2153 1172 2207 erunt

255 2232 368 2290 meliora
389 2233 552 2307 supradictis
574 2236 638 2310 quia
660 2235 762 2293 mediae
776 2237 885 2294 virtutis
900 2244 975 2293 suut.
1007 2234 1101 2293 acerba
1113 2232 1149 2291 illa

253 2326 319 2374 sunt
346 2316 445 2392 quibus
472 2321 545 2376 coria
573 2328 712 2378 curantur.
755 2318 886 2396 frigidant
911 2321 1016 2378 siccant
1043 2328 1072 2378 et
1095 2334 1149 2376 con

253 2404 404 2479 stringunt.
440 2406 550 2479 praeis
574 2404 699 2463 omnibus
721 2421 840 2480 apyrena
855 2403 1044 2479 appellantur.-
1077 2417 1148 2462 sucus

254 2487 387 2546 malorum
414 2498 589 2563 granatorum
622 2490 760 2549 acidorum
786 2489 956 2546 stomachum
989 2490 1146 2547 nausianten

254 2574 428 2649 constringit.
1156 2576 1174 2618 s

315 2656 383 2714 blala
407 2675 468 2716 cum
490 2662 583 2734 granis
604 2661 661 2718 suis
682 2661 711 2716 in
733 2658 799 2715 duas
821 2666 912 2733 partes
934 2657 1020 2714 divisa
1042 2660 1070 2715 in
1090 2670 1147 2731 agur

253 2746 332 2796 cocta
353 2743 432 2813 potui
454 2741 518 2800 dato
540 2744 664 2803 coeliacis
679 2753 708 2800 et
729 2743 917 2817 dysentericis.
954 2742 1064 2840 integra
1084 2748 1147 2800 coeit

221 2948 233 2995 1
254 2942 401 2999 stomatice
418 2945 543 3014 ciffi),
562 2961 624 3001 -cee
641 2962 671 3000 o:
690 2943 858 3001 stomaticon
874 2959 891 2998 r
909 2935 1094 3013 (remstede
1106 2940 1145 3023 bit
1189 2946 1192 2985 i

183 3012 239 3068 tis
253 3013 480 3085 decoctusoltb,
498 3015 522 3070 is
536 3015 702 3087 decoctum:
720 3015 765 3072 his
779 3013 903 3071 decoctis
916 3029 942 3083 g.
984 3002 1148 3072 amolmi-
1190 3068 1192 3073 ,

172 3083 662 3165 'tobtimiptlibrssinobz
680 3087 840 3153 librantis,
863 3083 1031 3154 miscentur,
1049 3080 1149 3162 etexb
1189 3078 1192 3177 Ι

146 3153 239 3278 Sirbis.
258 3175 277 3238 1,
296 3155 498 3240 admiscentur,
517 3160 546 3214 et
564 3174 599 3239 ex
615 3161 650 3227 r).
677 3158 725 3214 aed
742 3157 777 3226 cf.
792 3157 870 3211 Plio.
923 3155 1017 3237 toris
1029 3157 1085 3227 pol
1100 3156 1150 3223 (qm
1189 3184 1192 3231 4

145 3241 291 3352 eiiii
307 3230 463 3356 iiiii
479 3228 1150 3370 llmffliu'lpliiisslli'siioilffbim'iy'301

147 3368 234 3437 (quod
256 3368 388 3440 oporicen
408 3373 512 3428 vocant
563 3373 605 3442 t),
634 3369 680 3425 Gr.
703 3386 794 3441 opone
816 3370 862 3426 rb.
934 3373 968 3422 12
991 3383 1039 3425 ec:
1067 3369 1097 3425 st
1115 3362 1148 3431 i!

146 3456 247 3526 congio
265 3459 330 3526 pol:
350 3458 411 3530 -giu
428 3461 473 3516 rb.
543 3466 575 3514 13
595 3458 652 3530 cy(i
664 3457 778 3529 oldonis
794 3458 897 3529 polrb.
966 3461 1002 3512 ts
1020 3446 1091 3513 so'x't.
1107 3450 1147 3526 dl

146 3525 228 3582 roris:
247 3529 287 3583 sic
298 3530 354 3600 pol
364 3531 429 3601 (rb).
445 3532 450 3604 Ι
467 3532 540 3587 croci
554 3529 684 3602 (simplic.
698 3531 725 3600 o)
743 3529 879 3600 simplicis
898 3532 935 3586 s‘d.
955 3529 1017 3599 (sc'r.
1032 3531 1054 3598 Ι)
1072 3548 1100 3584 v1
1116 3522 1148 3580 tl·
