2392 3856
486 170 704 234 ‚20...

235 397 238 402 ,
353 335 469 412 possint
496 335 575 393 etsi
603 351 652 392 res
676 334 807 411 exegerit
835 334 943 411 aperiri
976 335 1056 394 molt

239 431 326 495 nont.
354 423 516 482 curatione.
562 422 699 500 reprimit
731 439 780 480 eas
813 421 921 481 radicis
954 421 1056 483 brassi

221 520 326 584 aaron
355 513 431 570 cinis
458 528 527 570 cum
553 509 640 569 mede
669 509 778 569 inlitus.
822 508 917 588 lupini
949 529 986 570 cx
1021 531 1057 572 ac

86 600 328 671 *(Mcrc.p.107.
356 600 433 660 cocti
451 600 574 677 tritique
596 598 768 659 discutiunt.
806 599 910 658 vitium
934 601 1055 671 cinisc

144 671 179 738 οἵ·
195 673 275 741 ²32⁶)
357 706 425 749 cera
453 694 483 747 et
511 689 609 747 resina
639 686 760 765 paribus
790 686 974 764 ponderibus
1010 691 1056 768 im

239 785 326 848 aare.
355 778 411 836 sita
439 769 598 835 desiccant.
649 776 808 854 apponitur
837 777 984 836 muricum
1015 785 1056 838 tes

261 883 262 886 ’
355 883 423 925 rum
446 866 520 923 cinis
545 882 613 923 cum
636 863 722 923 melle
746 863 791 923 vel
820 864 1047 943 conchyliorum

238 961 326 1024 32,88.
355 952 460 1014 mulso.
506 954 604 1030 sepiae
636 970 703 1012 ossa
738 971 805 1012 cum
843 955 970 1031 axungia
1002 961 1056 1015 vet

221 1051 326 1112 20349.
355 1050 423 1101 tusa
459 1040 625 1101 medentur.
675 1036 742 1100 lini'
765 1058 867 1100 semen
899 1048 1002 1102 tusum
1035 1061 1056 1102 o

221 1139 326 1207 namn.
355 1129 441 1189 melle
460 1131 584 1189 mixtum
603 1131 725 1207 mitigat.
753 1129 827 1190 licus
846 1130 941 1190 siccae
961 1130 1056 1190 decoc

194 1290 195 1293 Ἴ
222 1227 326 1289 29‚143.
355 1237 392 1277 ex
419 1219 486 1277 vino
514 1220 600 1277 tritae
632 1217 817 1277 adhibentur.
855 1220 1021 1297 comprimit
1050 1239 1056 1276 t

355 1306 443 1365 limos
466 1305 654 1366 columbinus
673 1324 741 1366 cum
760 1307 853 1365 larina
877 1306 1040 1366 hordeacea

255 1395 290 1449 ib.
355 1394 450 1454 melle.
492 1402 617 1455 noctuae
650 1394 808 1454 cerebrum
838 1393 884 1453 vel
916 1396 1000 1455 iecur
1033 1414 1056 1454 ct

356 1483 421 1543 oleo
444 1483 543 1561 tepido
567 1473 735 1543 infunditur
754 1482 903 1543 auriculae
922 1501 939 1541 a
955 1485 1056 1561 paroti

255 1573 292 1626 u.
357 1570 533 1649 multipedae
567 1589 634 1632 cum
662 1573 782 1652 'resinae
818 1577 902 1649 parte
937 1573 1026 1651 tertia

221 1665 327 1726 tutto.
355 1658 499 1719 linuntur.
550 1666 632 1718 creta
668 1659 784 1719 cimolia
816 1679 852 1718 ex
885 1666 969 1718 aceto
1003 1662 1056 1720 sict

223 1755 328 1819 annot.
356 1746 492 1826 plantago
535 1765 603 1807 cum
642 1750 768 1826 axungia
806 1754 906 1808 vetere
954 1766 1056 1826 persar

223 1845 327 1906 28,1·17.
357 1837 477 1896 ursinus
515 1835 604 1914 adeps
637 1839 803 1897 conteritur
835 1853 904 1895 cum
922 1839 1003 1895 -sevi
1040 1844 1056 1896 t

255 1924 292 1978 ib.
356 1925 415 1983 rini
442 1926 506 2003 pari
536 1924 668 2003 pondere
701 1932 730 1984 et
764 1942 858 1984 cerae.
900 1924 968 1983 limo
997 1942 1056 2003 capr

268 2013 284 2048 *
357 2030 425 2072 cum
448 2014 573 2090 axungia
595 2012 769 2073 inlinuntur.
814 2019 902 2090 caput
929 2015 1049 2091 viperae

12 2114 15 2124 ·
122 2099 232 2238 (Murp.)
234 2117 266 2169 p.
278 2107 329 2155 108
357 2099 477 2160 linteolo
517 2100 682 2161 involutum
719 2108 748 2160 et
785 2100 919 2161 saucibus
952 2100 1056 2179 alligati

168 2188 221 2227 Μ·
358 2196 449 2249 sanat.

162 2452 175 2500 1
201 2446 320 2516 exigerit
344 2461 371 2515 g.
413 2446 508 2516 exigat
535 2447 675 2517 adaperiri
696 2449 741 2503 rb.
772 2451 776 2515 Ι
810 2446 932 2502 molliori
960 2446 1056 2502 curatii

90 2516 208 2587 (ratione
222 2520 248 2587 r)
265 2519 318 2586 gd:
338 2516 429 2572 collixi
446 2517 584 2573 rationed
604 2517 756 2588 (curatione
771 2519 832 2586 lim).
884 2524 898 2571 2
918 2516 1045 2572 radicum

127 2587 320 2656 silincurt,
339 2587 459 2644 illinitus
477 2590 503 2645 d.
555 2587 696 2644 4decocti
713 2590 757 2644 rt.
783 2591 787 2656 Ι
812 2587 928 2658 tritique
947 2605 976 2657 9:
997 2591 1026 2642 et
1044 2590 1056 2642 t

91 2660 159 2714 drb.
184 2659 191 2742 1
220 2657 381 2714 ffiseuffinnt.
418 2658 527 2714 Vitium
555 2657 760 2728 (Vicinrumd)
789 2658 942 2715 cinianum
964 2674 1056 2728 cerag

90 2731 245 2784 mecumnnt
262 2729 370 2785 vitium.
399 2737 428 2785 et
445 2729 515 2784 item
534 2729 603 2785 cinis
622 2746 685 2784 cum
704 2729 782 2783 creta
799 2729 921 2798 cymeliu
938 2747 954 2784 r
971 2730 1056 2797 (unde

9 2845 12 2848 ,
126 2803 142 2852 6
161 2800 223 2869 pari
236 2800 358 2868 pondere
373 2801 535 2855 exiccatrb.
573 2806 667 2854 teum
684 2799 797 2854 condito
816 2817 850 2854 ex
868 2799 959 2854 mulso
974 2801 1016 2854 br
1027 2801 1056 2868 (st

94 2869 97 2940 l
119 2869 301 2924 conciliorum
318 2887 349 2940 9,
373 2869 574 2925 conchiliorum
592 2871 618 2924 d.
682 2869 804 2926 emulsa
816 2872 862 2925 rb.
913 2876 929 2924 9
948 2872 1056 2936 corinti

90 2941 126 2993 rb
146 2940 215 3009 (Pl.)
290 2946 322 2995 10
340 2940 409 2995 ficus
428 2939 503 2996 sicca
521 2943 551 2996 et
567 2938 633 2994 rino
651 2941 731 2995 coctu
749 2943 778 2996 et
799 2942 868 2997 tritu
885 2940 1003 2996 adiuvat
1021 2942 1056 2996 rb

92 3016 126 3064 14
148 3010 278 3081 tepidum
301 3012 327 3065 d.
348 3010 353 3083 Ι
378 3010 543 3080 apurotide
563 3010 622 3065 Pl:
649 3012 773 3080 parotidi
789 3029 819 3082 9,
838 3011 967 3081 parotide
987 3013 1056 3080 (caiz

91 3082 221 3149 tratur)
240 3082 289 3138 dd.
327 3087 361 3136 15
379 3081 535 3154 multipedp
552 3098 582 3151 9:
606 3081 667 3136 -des
685 3084 711 3138 d.
740 3083 898 3151 multipeda
916 3083 1056 3152 (Pl.)...i

91 3151 228 3223 nitendi
240 3153 381 3209 resinart.
412 3151 600 3223 ltoymcling.
610 3151 613 3225 l
625 3153 938 3222 excoctosiocatgdtm:
950 3151 1056 3208 exiccat

137 3229 170 3278 18
199 3225 256 3278 sevi
283 3222 388 3278 taurim
405 3224 444 3293 gb
463 3225 546 3292 (Pllr
575 3241 641 3279 sevo
667 3223 779 3279 taurino
798 3226 824 3278 d.
863 3240 929 3279 sero
947 3224 1056 3279 taurino

91 3308 156 3347 cera
170 3312 198 3363 p.
208 3311 235 3363 p.
250 3292 388 3350 similibus
397 3313 421 3349 r.
460 3301 492 3349 19
508 3298 537 3350 et
554 3309 616 3368 care
634 3311 663 3366 με
687 3296 717 3349 et
738 3310 802 3349 cera
821 3296 872 3364 dr,
891 3311 941 3349 om.
962 3296 986 3348 b.
1013 3296 1017 3359 l
1042 3294 1056 3348 fi

91 3364 145 3432 gd:
173 3365 202 3419 et
223 3363 305 3433 fimus
328 3367 373 3420 rb.
446 3372 480 3421 20
499 3365 654 3421 inlinuntur
671 3382 701 3435 9:
725 3365 884 3420 illiniuntur
902 3367 933 3433 d,
951 3365 1056 3420 illinitu

92 3434 192 3502 (illitus
209 3437 245 3505 r).
318 3442 351 3490 22
371 3438 405 3505 cf.
426 3437 519 3492 Marc.
539 3438 556 3492 l.
576 3453 597 3491 c.
617 3436 733 3506 (tolles
753 3436 857 3506 optime
876 3437 976 3503 cunct).
