2392 3856
471 244 714 307 -114-

140 400 232 455 XXXI
259 401 305 456 Ad
323 399 440 456 vulnera
458 401 513 455 oris
533 400 591 454 siue
609 401 749 454 tumorem
766 398 945 470 gingivarum

126 470 230 526 XXXII
257 472 302 526 Ad
324 471 502 542 putredinem
526 471 580 526 osis
603 470 718 542 linguae
742 470 801 525 sive
824 470 935 540 palatus
959 473 990 527 et
1016 470 1078 542 ging

256 559 356 598 varum

111 611 231 666 XXXIII
257 614 302 668 Ad
319 614 438 669 fetorem
457 613 511 669 oris

100 683 231 738 XXXIIII
257 686 302 740 Aa
321 702 352 740 os
371 685 523 740 salivosum
542 687 571 739 et
588 683 728 754 lippidum

126 755 231 809 XXXV
258 756 302 810 Ad
321 773 351 811 os
371 759 400 810 et
417 756 495 811 labia

113 826 231 880 XXXVI
258 827 302 881 nd
321 824 446 881 dentium
464 827 590 882 dolorem

99 897 230 952 XXXVII
258 898 302 952 Aa
322 898 419 953 dentes
436 897 546 953 laxatos

86 967 231 1023 XXXVIII
257 968 303 1023 Ad
322 968 448 1023 dentium
466 969 616 1024 molarium
634 969 759 1024 dolorem

110 1038 229 1093 XXXIX
255 1039 300 1093 Ao
318 1039 416 1094 dentes
434 1039 550 1095 vitiosos
568 1040 615 1095 vel
633 1056 715 1095 cavos

179 1110 227 1164 XL
255 1110 300 1164 Ad
319 1110 506 1165 dentifritium
525 1114 554 1165 et
572 1111 669 1166 dentes
687 1109 819 1164 candidos
841 1109 987 1165 faciendos
1070 1175 1074 1189 1

165 1181 229 1235 XLI
255 1181 300 1235 Ad
318 1181 416 1237 dentes
434 1182 555 1237 molares
574 1182 620 1237 vel
642 1182 678 1236 ad
698 1198 792 1238 omnes
811 1182 843 1235 ut
866 1181 925 1236 sint
948 1180 1073 1248 incorrupti

153 1252 229 1306 XLII
256 1252 300 1307 Ad
319 1253 480 1308 dentIonem
498 1253 609 1324 quando
627 1253 749 1308 infantes
768 1251 899 1307 dentiunt
985 1315 989 1323 ἢ

139 1323 230 1378 XLIII
256 1323 301 1377 Ad
318 1340 403 1378 uvam
422 1323 608 1380 distillantem
627 1325 657 1378 et
674 1324 711 1379 ad
728 1323 823 1378 fauces
840 1324 983 1379 tumentes

125 1393 230 1449 XLIIII
256 1394 302 1449 Ad
319 1395 483 1466 sanguinem
503 1412 536 1450 ex
554 1394 681 1465 praecisa
698 1411 754 1449 uva
771 1393 889 1448 nimium
907 1393 1035 1449 fluentem

154 1466 229 1520 XLV
255 1467 302 1520 Ad
319 1467 403 1521 tolles
422 1468 451 1520 et
468 1466 597 1520 tonsillas
614 1465 804 1535 reprimendas

143 1537 231 1592 XLVI
258 1536 302 1590 Ad
320 1536 444 1591 faucium
463 1538 589 1591 dolorem

127 1607 230 1662 XLVII
258 1607 302 1661 Ad
320 1607 414 1663 fauces
432 1607 622 1677 limpidandas
714 1672 715 1675 Ἴ

113 1676 230 1732 XLVIII
257 1679 302 1732 nd
319 1680 445 1733 usturam
463 1678 552 1748 palati
571 1679 628 1732 sive
647 1676 771 1733 faucium
864 1742 867 1747 ¹

139 1747 229 1803 XLIX
256 1749 301 1803 Ad
319 1751 436 1805 vulnera
453 1750 576 1805 faucium
595 1751 694 1820 operta

208 1821 230 1873 L
258 1821 303 1874 Ad
322 1837 466 1891 synangen
484 1824 513 1875 et
531 1819 586 1876 oris
604 1821 721 1876 vulnera
739 1822 768 1874 et
786 1819 903 1889 anginas
942 1850 947 1858 ·

193 1892 230 1945 LI
259 1890 403 1946 Confectio
421 1892 566 1947 diamoron
583 1907 655 1960 quae
669 1891 739 1946 facit
752 1891 788 1946 ed
806 1894 948 1945 tumorem
965 1887 1077 1945 lancium:

257 1963 313 2017 oris
332 1963 449 2019 vulnero
466 1965 496 2018 et
513 1962 630 2045 anginas

178 2033 228 2087 LII
255 2033 299 2087 Ad
318 2033 480 2102 ungendum
499 2049 616 2104 sngsnas

165 2104 229 2158 LIII
257 2103 401 2158 Confectio
421 2104 560 2158 arteriaca
576 2105 613 2157 cd
631 2103 810 2158 raucedinem
828 2103 906 2158 vocis

153 2174 230 2228 LIIII
256 2173 301 2227 Ad
370 2189 404 2227 ae
422 2176 453 2229 et
471 2173 584 2229 cervicis
603 2174 728 2229 dolorem
875 2182 882 2203 ¹

182 2245 232 2300 LV
259 2244 303 2298 Ad
342 2260 452 2299 umeros
469 2243 584 2298 brachia
603 2246 632 2299 et
649 2261 748 2299 menus
766 2245 875 2301 cubitos

164 2315 228 2370 LVI
255 2314 300 2369 Ad
318 2331 431 2370 nervos:
450 2315 579 2384 scapulas
598 2316 680 2370 etad
700 2315 794 2391 omnia

155 2387 232 2442 LVII
259 2385 303 2440 Ad
322 2386 444 2456 pectoris
462 2385 587 2440 dolorem

138 2458 228 2513 LVIII
255 2457 418 2512 latussim

164 2530 226 2584 LIX
253 2529 298 2584 Ad
316 2527 494 2584 tussientium
513 2528 642 2598 antiquas
660 2532 689 2585 et
707 2529 853 2584 diuturnas
872 2527 1036 2583 valitudines

180 2601 230 2654 LX
258 2600 368 2655 Oximel
386 2600 423 2654 ad
440 2601 542 2670 flegma
560 2599 709 2656 incidenda

166 2670 229 2725 LXI
257 2669 301 2724 Ad
319 2671 444 2740 ptysicos

152 2741 230 2796 LXII
257 2741 302 2794 Ad
320 2741 473 2809 synthesim

140 2812 229 2865 LXIII
255 2811 300 2864 Ad
319 2811 483 2880 sanguinem
503 2813 663 2867 excreantes
682 2814 711 2867 et
728 2810 853 2882 ptysicos
872 2810 987 2866 effectos

126 2882 229 2936 LXIIII
257 2880 302 2934 Ad
319 2881 484 2951 sangumem
502 2882 660 2949 ¹reficientes

157 2952 232 3006 LXV
259 2950 304 3076 Ao
323 2967 370 3006 eos
389 2952 438 3077 qtui
457 2953 620 3022 sangninem
632 2954 681 3008 sel
699 2954 734 3007 de
752 2953 897 3009 stomacho
915 2953 962 3008 vel
979 2953 1013 3008 de
1025 2956 1078 3006 vent

257 3038 288 3076 sa
300 3021 325 3076 is
344 3021 400 3077 emi
426 3028 478 3079 unt

394 3195 511 3266 capita
533 3195 614 3252 libri
636 3194 787 3252 secundi.

215 3307 228 3361 Ι
255 3308 301 3361 Ad
318 3305 463 3378 pulmones

200 3379 228 3432 II
256 3379 300 3432 Aa
320 3380 470 3450 suspirium

141 3479 143 3485 ι
192 3449 231 3502 III
258 3450 304 3504 Ad
321 3451 463 3505 mamillae
480 3450 611 3505 nucleum
630 3452 659 3504 et
677 3466 806 3504 cancrum

177 3519 231 3573 IIII
259 3521 304 3574 Ad
326 3520 451 3577 dolorem
470 3521 607 3576 stomachi
625 3537 688 3575 cum
706 3521 815 3577 accidie
833 3524 863 3576 ct
884 3537 987 3578 nemea
1008 3505 1076 3574 etad

252 3591 428 3649 inflationem
448 3595 477 3648 et
494 3591 680 3648 defectionem
