2392 3856
481 203 703 264 ..12-

352 367 486 425 rinarum
512 365 635 445 pellium
659 365 733 425 einis
761 381 797 422 ex
825 372 909 423 aceto
937 363 1031 422 lrouti
1059 365 1102 423 in·

219 466 323 527 19111.
351 453 463 515 linitur.
500 452 617 514 cocleae
640 454 784 512 matutino
804 470 836 511 se
855 453 989 530 pascenti
1013 459 1104 531 eaput
1130 453 1134 460 ’

351 542 517 603 harundine
549 541 731 620 praeciditur
759 548 789 600 et
815 542 846 599 in
878 538 999 599 linteolo
1033 539 1102 600 lioio

251 632 287 686 ib.
352 631 487 710 alligatur
505 630 642 708 eolloque
661 628 863 707 suspenditur.
897 628 990 687 iraeto
1012 630 1103 707 capiti

350 720 409 779 tela
432 736 556 778 araneae
574 720 713 797 imposita
731 736 767 777 ex
786 717 851 776 oleo
871 723 901 775 et
920 723 1018 796 aceto,
1042 735 1102 776 non
1115 728 1144 794 ⁵³1

219 817 323 879 18166.
351 807 466 867 recedit
483 809 541 867 nisi
560 814 644 866 sanet
662 805 809 865 dolorem·
841 822 916 883 aqua
936 812 1005 883 pota
1025 823 1102 883 quae

352 897 500 974 superfuit
523 895 560 954 de
583 895 667 955 bovis
688 902 739 954 aut
762 895 837 953 asini
860 894 980 971 potione
1005 911 1101 953 reme·

252 987 288 1040 ib.
352 983 413 1044 diat
444 986 471 1043 si
502 992 548 1043 ter
575 990 704 1066 potetur.
747 983 860 1041 cervini
888 985 997 1041 cornus
1026 983 1102 1041 einis

352 1071 454 1132 inlitus
478 1090 514 1132 ex
538 1079 622 1132 aceto
646 1078 677 1130 et
699 1072 814 1130 rosaoio
838 1069 968 1148 prodest.

416 1219 460 1274 11.
483 1216 645 1274 Pthiriasi
667 1221 702 1273 ot
723 1216 899 1286 porrigini.

419 1317 575 1379 Pthiriasis
607 1321 834 1398 porriginesque
862 1317 1036 1396 plerumque
1063 1317 1097 1374 iu
1115 1328 1141 1366 10

352 1409 516 1486 perniciem
545 1408 642 1469 solent
669 1415 852 1479 convertere.
897 1404 1006 1482 quibus
1035 1422 1102 1463 sue-

220 1505 324 1568 20‚102.
354 1496 540 1575 currendum
568 1504 621 1556 est.
663 1501 872 1574 perunguntur
903 1494 1002 1567 itaque
1037 1491 1102 1550 bul-

253 1585 290 1638 to.
354 1583 400 1643 bis
423 1584 504 1642 tritis
527 1602 564 1642 ex
587 1584 664 1642 vino.
701 1584 774 1641 item
796 1578 938 1657 sulphure
963 1596 1000 1636 ex
1024 1583 1104 1640 vino.

132 1682 218 1744 aspa
239 1680 326 1743 ntea.
354 1672 426 1730 item
439 1688 494 1747 per
509 1688 540 1729 se
555 1688 592 1728 ex
606 1667 696 1729 cedro
715 1668 890 1727 inlinuntur.
927 1665 1018 1726 alium
1033 1685 1105 1727 eum

220 1769 326 1830 21188.
354 1765 438 1817 aceto
454 1765 484 1817 et
502 1759 582 1817 nitro
601 1758 705 1817 tritum
724 1756 888 1816 inirieatur.
926 1755 1020 1814 iarina
1040 1757 1104 1815 leni
1119 1767 1144 1807 11

354 1847 453 1924 graeei
472 1863 540 1906 etun
559 1847 627 1905 vino
647 1852 677 1904 et
691 1846 769 1904 nitro
788 1845 971 1923 porriginem
984 1852 1105 1924 purgat,

87 1945 191 2006 24185.
221 1944 325 2007 antae.
354 1942 385 1994 et
407 1934 539 1994 iurlures
568 1953 604 1994 ex
632 1941 724 1995 aceto.
762 1932 841 1992 idem
863 1939 994 2011 praestat
1017 1931 1104 1991 radix

354 2025 463 2083 veratri
498 2025 530 2084 in
566 2023 631 2083 oleo
664 2022 786 2082 decocta
820 2023 890 2081 trita
921 2020 1103 2097 suffusaque.

220 2120 324 2184 aulae.
353 2111 499 2189 hysopum
522 2129 558 2170 ex
582 2111 647 2170 oleo
670 2113 775 2170 tritum
799 2116 829 2168 et
855 2107 1030 2168 instillatum
1054 2127 1102 2166 ea-

201 2225 204 2231 ·
239 2209 325 2271 29‚47.
352 2198 408 2276 piti
439 2199 576 2277 pthiriasi
603 2198 740 2258 medetur
768 2205 798 2257 et
830 2196 1005 2274 premitibus.
1048 2215 1102 2255 ova
1118 2209 1144 2249 2⁰

150 2333 301 2387 tooeleaez
325 2333 421 2388 coetae
432 2334 513 2394 reodol.
531 2333 609 2387 Pila.
624 2333 735 2400 (meod.
748 2332 903 2395 Haeduis.)
922 2329 1103 2400 (matutinum

87 2419 179 2458 rorem
202 2403 329 2472 pascenti
353 2404 460 2470 Mare,
485 2421 498 2459 e
519 2406 629 2460 coemat.
652 2404 801 2472 editorisi).
882 2408 897 2455 3
917 2399 1053 2454 harndine
1075 2417 1102 2468 9,

87 2473 223 2529 arundine
237 2475 285 2530 ab.
357 2479 373 2528 ὅ
388 2491 490 2548 aranee
503 2477 557 2544 gd:
577 2491 679 2530 aranea
692 2475 740 2541 rb,
760 2471 820 2527 -uei
838 2473 930 2528 Marc.
946 2472 1014 2540 (Pl.)
1040 2473 1043 2536 Ι
1068 2485 1100 2522 ex

89 2546 171 2600 aceto
190 2548 220 2601 et
238 2547 300 2601 oleo
314 2546 341 2601 d.
397 2552 412 2600 1
427 2545 565 2616 superfuit
580 2546 617 2601 de
631 2545 746 2617 potione
759 2544 830 2614 prb:
849 2541 995 2626 superfluit
1012 2539 1103 2595 bobus

87 2617 137 2671 aut
164 2614 258 2671 asinis.
282 2617 397 2686 potione
420 2620 439 2673 d
463 2618 509 2686 (ef.
533 2618 626 2673 Mare.
646 2635 677 2686 p.
701 2621 735 2671 35
765 2613 921 2684 „reliquas
949 2612 1029 2667 bovis
1053 2627 1104 2681 po

86 2686 205 2741 tantis“.
234 2687 285 2742 To.
306 2687 395 2742 Prisc.
414 2699 452 2738 tr
466 2706 497 2757 p.
521 2687 595 2756 81¹³).
625 2691 630 2757 i
659 2686 796 2741 remediat
816 2686 871 2753 gd:
892 2683 1104 2738 remedeatur'b

87 2755 222 2824 (remedia
233 2758 389 2825 prostrate).
444 2758 501 2812 tsi
518 2759 688 2827 terpetetur
700 2757 772 2826 prb:
791 2771 842 2808 om.
856 2755 883 2810 d.
939 2753 1103 2822 tietpdrb:

87 2828 138 2880 aut
158 2827 203 2880 Pl.
275 2828 317 2880 tit.
336 2827 378 2881 De
396 2826 507 2896 ptiriasi
530 2832 560 2882 et
577 2827 718 2897 porrigine
737 2826 774 2880 id.
794 2831 818 2879 e.
841 2823 986 2895 peduculis
1009 2824 1039 2878 in
1057 2840 1103 2877 ea-

87 2897 146 2966 pite
164 2913 194 2966 9,
222 2897 267 2951 Ad
288 2896 420 2951 thiriosos
444 2899 473 2952 εὴ
495 2899 652 2968 prurigines
676 2898 696 2951 d
718 2895 884 2965 (porrigines
902 2913 918 2949 r
940 2900 965 2949 et
989 2894 1103 2963 Mare).

125 2974 158 3022 10
166 2966 315 3022 Pthiriasis
325 2969 355 3022 et
385 2967 521 3037 orrigines
534 2986 565 3039 p,
584 2967 695 3037 Tyriasi
709 2970 737 3022 et
750 2965 907 3037 prurigines
925 2967 944 3020 d
963 2964 1104 3034 (pthiriasi

88 3039 117 3091 et
134 3037 272 3107 porrigini
290 3038 329 3108 b),
353 2985 398 3092 pd
415 3039 539 3107 ptyriam
562 3038 682 3108 (ptyn'ss
699 3038 738 3094 id.
757 3039 789 3091 in
811 3039 853 3093 tit.
872 3039 943 3105 cap.)
967 3038 996 3090 et
1014 3035 1103 3105 porri-

87 3108 166 3177 gines
188 3110 218 3163 et
235 3109 394 3178 pruritusr
421 3109 583 3178 (Pityriasin
608 3111 637 3165 et
664 3107 825 3179 porrigenes
847 3105 948 3176 eapitis
967 3123 1040 3174 quae
1062 3106 1103 3175 pl.

87 3179 254 3253 similiare).
269 3195 341 3249 quae
350 3180 416 3254 (que
425 3197 451 3249 p,
461 3182 551 3251 qued)
561 3181 598 3235 rb
610 3183 691 3250 (quae
701 3195 731 3234 se
740 3196 756 3232 r
765 3179 799 3246 ef.
809 3179 865 3246 M).
894 3184 924 3231 11
937 3177 1039 3245 quibus
1048 3179 1103 3247 pel:

88 3267 197 3305 summa
220 3266 286 3304 eura
308 3267 337 3317 r,
365 3250 440 3306 siet
468 3255 507 3320 (se
530 3252 697 3306 convertunt
718 3249 774 3303 nisi
797 3251 955 3304 occurratur
974 3249 1029 3317 M.)

83 3327 121 3374 12
135 3320 232 3390 itaque
245 3322 300 3391 pol:
319 3337 369 3378 orn.
383 3323 429 3377 rb.
464 3327 497 3375 14
511 3339 546 3376 ex
559 3323 654 3377 cedro:
674 3319 767 3376 cedria
781 3320 826 3374 M.
851 3322 856 3390 1
880 3318 1040 3374 illiniuntur
1053 3318 1102 3374 rib.

124 3397 156 3445 15
175 3391 234 3448 iani
256 3391 352 3462 graeei
374 3393 454 3463 (Pl.):
481 3392 597 3448 feniculi
614 3393 695 3462 pdrb
717 3391 783 3460 (M).
845 3397 878 3444 16
896 3389 1104 3472 porriginemp

88 3463 254 3546 (porrigines
271 3481 298 3533 p.
317 3481 345 3532 r,
373 3463 529 3534 ponigines
552 3465 690 3534 expurgat
714 3463 774 3531 Ml:
802 3460 975 3532 pruriginem
994 3461 1021 3514 d.

5 3563 7 3569 π
89 3536 216 3603 laoaprtr
223 3536 278 3605 pd:
289 3534 388 3604 eapitis
397 3536 441 3591 rb.
480 3540 514 3590 20
528 3534 641 3605 ptiriasi
655 3535 685 3589 d:
699 3532 843 3603 pthiriasis
853 3549 879 3601 p.
896 3535 899 3599 Ι
915 3530 1067 3601 proritibus
1076 3548 1102 3599 p.
