2392 3856
431 173 673 237 —143-

55 352 79 397 :x
99 343 186 396 aceto
201 342 302 396 coctae
317 341 348 393 et
360 336 506 413 inpositae
522 335 661 396 duritiam
675 335 762 397 lienis
780 327 955 419 infringunt,

55 424 167 485 cahros
190 440 305 502 ungues
329 421 470 503 levigant,
498 423 598 483 ulcera
625 427 657 484 in
680 433 780 485 mento
805 429 955 487 nascentia

55 515 235 593 ntinguunt,
263 514 293 571 in
317 512 386 569 vino
408 521 510 572 coctae
539 519 569 572 et
597 514 743 591 inpositae
772 522 901 574 strumas
925 522 955 575 et

55 601 194 662 meotidas
221 606 339 680 sanant,
370 602 568 678 gargarizatae
599 600 731 661 dolorem
760 601 894 662 dentium
922 612 952 663 et
965 597 1059 651 Dim·

55 709 116 752 uec
136 698 285 750 tumorem
303 689 452 769 mitigant,
475 696 562 767 potae
581 692 755 768 auruginem
775 673 1051 770 expugnant.22¹4⁰·

55 778 164 859 puidam
186 785 294 857 putant
320 778 415 854 ipsam
444 777 574 838 radicem
597 781 622 838 si
650 777 726 838 collo
754 779 954 858 suspendatur
986 777 1041 857 (912

55 868 157 928 erosas
182 867 293 945 ingara.
954 844 1060 913 Dm)

107 1014 221 1070 VIIII.
253 1014 302 1069 De
325 1013 420 1068 blito.
987 1021 1033 1077 Pl.

109 1112 297 1185 Quibusdam
324 1112 390 1174 bliti
414 1121 519 1173 natura
545 1116 626 1174 iners
651 1123 681 1175 et
704 1118 768 1176 sine
793 1119 953 1178 acrimonia
963 1097 1050 1162 ²⁰³⁹&

55 1203 104 1265 risa
119 1210 178 1264 est.
212 1211 348 1262 ventrem
363 1220 457 1280 usque
473 1202 509 1262 ad
528 1202 677 1263 choleram
691 1203 868 1283 plerumque
882 1225 967 1266 con·

55 1291 174 1363 urbani.
219 1289 416 1370 Hippocrates
452 1293 603 1370 praecepit
635 1291 671 1351 ad
703 1293 834 1354 sistenda
863 1296 953 1355 nimia

55 1389 198 1441 senstrua
221 1379 398 1439 feminarum
427 1381 456 1438 in
485 1377 552 1439 cibo
581 1378 700 1439 dandos
743 1380 816 1440 clavi
843 1381 953 1460 pedum

55 1470 172 1549 pposito
195 1486 231 1527 eo
254 1467 351 1528 limari
370 1477 400 1528 et
423 1468 579 1546 comprimi
597 1468 770 1536 creduntur.
808 1487 898 1530 sucus
916 1489 953 1531 ex

55 1558 110 1617 nno
150 1556 237 1616 datus
273 1555 387 1617 utiliter
424 1555 580 1616 adversum
613 1560 804 1637 scorpionum
840 1576 953 1618 venena

55 1647 165 1707 'esistit
208 1645 327 1724 quidam
354 1652 459 1724 putant
487 1646 576 1704 etiam
599 1646 697 1724 ipsum
719 1649 824 1708 tritum
852 1655 883 1707 et
909 1649 952 1707 in·

55 1736 177 1811 positum
199 1732 293 1814 plagis
317 1732 439 1794 mederi.

106 1928 247 2002 lapatiom
270 1929 440 1983 hortensium
464 1927 519 1982 sive
542 1944 636 1983 rumex
659 1929 758 1985 calidae
781 1937 809 1985 et
830 1938 953 1985 austerae
972 1933 1029 2002 (34)

55 2012 151 2070 irtutts
168 2009 222 2073 est.'
256 2015 284 2068 in
305 2011 365 2067 cibo
386 2019 523 2084 sumptum
546 2021 665 2069 ventrem
687 2015 825 2087 reprimit,
848 2015 952 2070 urinam

55 2105 192 2166 resedeat,
216 2104 324 2153 ructum
347 2097 462 2165 excitat,
486 2096 654 2153 stomachum
670 2099 817 2155 confortat.
848 2101 876 2154 in
891 2101 952 2156 vino

55 2192 150 2240 ectum
175 2183 268 2237 tritum
291 2190 407 2238 strumas
423 2189 451 2235 et
473 2182 609 2254 parotidas
625 2193 716 2248 curat,
740 2192 768 2240 et
791 2200 885 2240 omnes
909 2192 952 2240 tu·

55 2278 134 2324 tores
158 2267 273 2340 spargit.

107 2403 196 2461 illitus
212 2407 338 2459 virtutem
356 2402 436 2461 habet
453 2405 576 2479 frigidam
592 2414 620 2461 et
642 2405 818 2478 glutinosam.
848 2407 876 2461 in
891 2405 952 2462 cibo
971 2402 1028 2469 (33)

55 2485 206 2562 tepenter
228 2497 353 2562 sumptus
376 2491 543 2545 stomachum
568 2493 665 2545 evertit
687 2499 715 2543 et
737 2490 827 2545 colera
851 2498 950 2544 moret.

55 2571 109 2629 otta
129 2574 191 2629 eius
216 2575 277 2629 trita
300 2574 326 2628 in
350 2576 524 2645 scorpionum
548 2576 616 2629 ictus
640 2575 735 2646 ponito
758 2582 785 2628 et
807 2589 868 2629 cum
891 2575 952 2627 vino

55 2665 119 2715 tila.

115 2881 130 2930 1
151 2875 261 2944 positae
279 2877 324 2930 rb.
340 2877 346 2944 t
360 2875 519 2946 infringunt
535 2879 601 2946 pol:
621 2877 801 2948 confringunt
818 2878 863 2932 rb.
913 2884 929 2931 2
949 2877 1061 2932 scabros

56 2947 130 3003 old:
146 2947 289 3001 scrobesr.
307 2950 312 3015 Ι
327 2947 490 3016 uleereepo:
505 2948 620 3003 vulnera
629 2949 682 3018 pol
692 2950 756 3016 (rb).
775 2950 840 3003 hoec
852 2965 932 3016 saepe
944 2953 970 3002 st
983 2949 1060 3015 opud

55 3020 176 3074 ’linimus
202 3019 324 3085 confuso.
361 3017 485 3072 lichenes
503 3020 905 3085 temperamentum
974 3024 1060 3072 ltex-

55 3090 161 3160 'mgunt
176 3105 223 3158 po.
269 3095 287 3144 4
300 3089 506 3159 gargarium:
524 3088 742 3160 διακλυζὸμεναι
756 3091 793 3146 D,
847 3097 863 3144 6
876 3089 1028 3158 suspendet
1041 3091 1059 3145 l.

76 3167 93 3216 't
121 3158 228 3214 scrofae
243 3176 282 3229 go
296 3165 330 3229 (r,
349 3161 430 3230 ›phtss
448 3161 487 3227 b):
515 3161 661 3230 glandesl
684 3159 834 3231 (χοιράδας
853 3163 894 3214 att
911 3161 959 3228 D„
981 3166 1013 3215 stt
1035 3166 1061 3216 et

55 3249 133 3302 repro
151 3232 289 3295 suumne).
335 3233 377 3287 tte.
397 3232 481 3285 blitto
495 3233 511 3286 l.
560 3234 673 3288 8blitti
692 3234 709 3288 l.
755 3233 884 3288 teolera
901 3233 975 3301 god,
995 3232 1059 3287 cho·

55 3304 131 3359 erat.
170 3308 204 3356 10
217 3303 519 3371 yppotHypo-dcretee
531 3320 561 3373 g,
575 3305 723 3373 ypocrates
732 3320 756 3357 o.
774 3307 778 3370 t
794 3301 966 3372 Hippocrate
980 3318 1060 3371 prse-

55 3373 224 3444 ipienterb.
240 3376 245 3442 Ι
261 3373 349 3428 nimia
361 3375 497 3443 quidem:
517 3374 664 3430 omniarb.
702 3380 734 3427 11
750 3374 873 3428 dandum
887 3374 931 3427 rb.
978 3379 1011 3426 12
1026 3389 1061 3428 eo

55 3443 139 3499 ἰωή
156 3461 207 3514 go,
231 3446 261 3500 et
277 3445 371 3498 limari
390 3445 434 3499 ld:
459 3462 492 3500 eo
515 3444 624 3500 elimari
641 3447 686 3502 rb.
743 3451 775 3499 13
794 3444 876 3499 datus
894 3443 983 3512 potd:
1012 3443 1060 3498 ds·

55 3517 146 3570 ureb.
162 3520 167 3586 Ι
183 3515 390 3586 adversumpo:
405 3517 658 3586 adversustd(rb).
697 3522 730 3570 14
739 3515 944 3584 resistitpvld:
955 3516 1060 3573 om.rb.
