2392 3856
492 175 711 238 „16-

428 335 683 405 Quemadmodum
713 337 908 415 denigremur
931 338 1107 399 uicnstrabi-

227 435 332 497 29,109.
361 441 435 484 mus.
472 443 560 484 ovum
579 428 733 485 corvinum
752 427 782 485 in
803 444 894 485 aeneo
913 445 980 486 vase
999 431 1107 506 permi-

360 520 474 593 scetur,
508 513 614 573 deiude
643 532 709 573 raso
742 516 838 592 capite
868 517 898 573 iu
926 514 1037 587 umbra,
1065 519 1107 576 in-

359 600 471 661 linitur.
507 601 617 661 habere
641 602 729 662 debet
756 605 787 661 in
811 621 862 661 cre
886 602 984 663 eleum
1007 607 1033 662 is
1058 608 1107 683 qui

360 689 513 750 curabitur
550 690 645 749 donec
681 692 824 751 siccescat
861 710 964 772 ovum,
1005 711 1043 751 nc
1082 697 1107 752 ei

360 777 464 837 dentes
492 777 708 856 deingrescant.
756 788 861 858 quartu
890 779 936 838 dic
969 779 1107 842 abluitur.

244 876 330 937 3268.
361 868 510 926 sextarius
524 869 771 945 sanguisugarum
786 870 816 927 iu
836 867 951 928 duobus
972 872 1107 929 sextariis

359 955 435 1013 aceti
463 954 568 1014 diebus
591 969 639 1014 XL
667 964 834 1016 maceratur
862 974 897 1014 ex
922 955 987 1016 cleu
1009 960 1107 1038 tritusj

359 1042 464 1102 deraso
480 1045 569 1121 capiti
583 1045 613 1103 in
628 1043 734 1103 umbra
754 1043 897 1105 inlinitur.
931 1045 1000 1104 dum
1016 1048 1107 1106 sicce·

359 1138 434 1210 scat,
466 1133 544 1191 sicut
573 1134 712 1210 superius
743 1132 958 1213 praediximus,
990 1136 1019 1193 in
1053 1153 1106 1192 ore

226 1228 329 1291 capua
358 1219 456 1279 oleum
486 1220 647 1280 tenendum
676 1228 730 1281 cst.
772 1215 896 1299 siliquae
929 1224 991 1281 crvi
1019 1223 1105 1298 prius

358 1324 446 1384 qnam
470 1317 643 1368 exarescant
666 1327 791 1369 numere
813 1323 835 1368 L
856 1328 924 1368 cum
943 1312 1005 1368 suis
1027 1307 1107 1367 iuliis

358 1403 388 1456 et
411 1395 545 1456 caulibus
574 1405 771 1457 conteruntur
794 1406 825 1458 et
851 1399 940 1476 capiti
968 1415 1034 1456 raso
1063 1398 1107 1455 in·

242 1493 328 1554 24‚15.
358 1483 500 1550 linuntur.
539 1484 606 1544 lulla
631 1488 766 1563 cupressi
789 1487 857 1544 trita
882 1504 917 1543 ex
936 1493 1025 1544 aceto·
1045 1485 1107 1544 elli·

243 1581 327 1644 24,26.
357 1574 440 1632 ciunt
459 1580 492 1632 ut
511 1571 608 1651 capilli
625 1574 703 1649 nigri
722 1580 923 1631 renascantur.
952 1572 1107 1652 spondylio

355 1661 494 1738 peruncti
518 1662 608 1738 crispi
632 1660 716 1718 liunt.

425 1745 539 1824 Operae
562 1748 694 1826 pretium
717 1756 762 1807 est
790 1749 815 1807 is
843 1749 893 1829 qni
923 1747 1108 1808 erubescunt

357 1852 445 1894 senes
473 1835 567 1895 videri
595 1853 781 1895 succurrere·
801 1843 831 1895 et
859 1838 884 1896 si
917 1853 1006 1895 canos
1036 1855 1108 1896 sues

358 1923 479 1982 inlicere
507 1923 624 2004 velunt,
652 1932 801 2002 tamqnam
823 1942 915 1983 annos
940 1925 1107 1984 detracturi

231 2022 329 2084 sulas
357 2013 416 2081 sint
447 2011 504 2071 huc
541 2014 659 2072 numine
696 2014 797 2092 aetati,
833 2015 977 2072 vermium
1010 2020 1106 2072 terre·

356 2117 464 2159 norum
487 2102 619 2159 cinerem
642 2101 769 2160 adiciant
791 2102 821 2159 in
840 2101 910 2174 alec
934 2118 992 2177 quo
1015 2109 1107 2178 caput

356 2197 554 2265 perunguant.
586 2229 590 2237 .

343 2359 347 2367 ’
425 2353 483 2407 VI.
504 2352 689 2408 Auriniam.

422 2469 560 2530 Proxima
574 2471 647 2530 milri
661 2471 778 2531 videtur
792 2488 862 2530 cura
878 2471 1008 2550 aurium,
1027 2487 1103 2547 quae

355 2560 559 2633 acutissimum
570 2558 703 2628 dolorem
712 2560 846 2619 inierunt
858 2557 946 2618 simul
957 2566 990 2617 nt
998 2575 1105 2637 passae

159 2733 175 2779 2
196 2743 276 2781 aereo
297 2726 343 2780 Pl.
367 2729 371 2794 l
395 2728 459 2782 oleo
477 2728 661 2797 permiscetur
678 2729 723 2781 rb.
742 2719 776 2794 οἵ.
794 2727 840 2781 Pl.
859 2728 920 2797 (K).
975 2734 991 2782 3
1011 2728 1107 2798 capite

88 2798 160 2866 prb:
180 2795 441 2865 capitidletpt).
513 2798 773 2866 tsiceescatprb:
792 2797 912 2852 siccetur
929 2799 956 2852 d.
1026 2801 1107 2854 fini-

123 2869 221 2922 escant
237 2867 282 2922 rb.
309 2870 313 2934 Ι
338 2866 470 2921 abluatur
487 2869 533 2924 rb.
612 2874 627 2921 ἵ
656 2867 899 2938 sanguissugarum
927 2869 976 2937 μᾶ.
1003 2871 1007 2934 Ι
1038 2870 1107 2925 duo·

88 2885 141 2992 giis
159 2955 189 3006 p:
213 2958 235 2991 11
249 2938 275 2991 d.
336 2943 405 2991 exc
427 2938 577 3007 θάψω
596 2937 831 3007 MarelzuxPl.
887 2938 1106 3009 tcapitipdb:

88 3007 263 3134 {aiginiffusr‘d¹
293 3007 431 3133 §illem
449 3007 763 3148 pgappppaopppffip.rb
796 3008 1107 3150 elr'giuzdfflmlspgirul:

249 3119 254 3131 .
560 3120 591 3134 ..
770 3121 777 3147 ,
954 3122 961 3134 .

88 3165 242 3218 quam-a
261 3163 311 3204 om.
330 3149 375 3202 rb.
436 3155 469 3202 12
488 3166 633 3204 numeror
652 3166 703 3205 mu.
723 3150 769 3205 Pl.
789 3151 920 3205 etMarc.
987 3157 1019 3204 13
1040 3167 1105 3207 eon·

88 3220 215 3274 terantur
228 3219 272 3273 rb.
300 3221 304 3285 Ι
329 3218 417 3289 cupiti
429 3221 505 3290 pdb:
520 3219 612 3290 capite
625 3238 650 3275 r.
675 3221 680 3292 Ι
704 3237 768 3276 raso
782 3222 869 3277 cmc.
891 3223 895 3288 Ι
915 3220 1106 3276 illiniunturd

87 3290 223 3357 (-nientur
240 3290 297 3360 rb).
371 3297 404 3344 15
423 3290 562 3360 spondilio
581 3292 600 3346 d
618 3290 748 3361 (spodilio
766 3292 824 3359 rb):
848 3291 978 3361 spondilo
996 3309 1022 3361 9.

80 3360 217 3416 vltisd:
241 3360 371 3428 hisprb.
445 3368 478 3416 18
498 3363 717 3417 senesesserb.
744 3366 748 3430 Ι
773 3363 809 3417 si:
836 3361 919 3431 sicp.
991 3368 1025 3416 21
1046 3361 1104 3418 arli-

87 3430 166 3485 ciunt
183 3433 227 3487 rb.
261 3429 292 3484 in
310 3431 371 3486 oleo
387 3434 607 3515 -perungutur
631 3448 682 3489 mu.
700 3433 746 3487 rb.
806 3439 857 3485 '22
876 3436 1056 3503 perunguant
1072 3451 1104 3503 p:

86 3503 183 3568 -gatur
199 3503 226 3558 d.
299 3507 333 3555 23
352 3503 394 3556 De
412 3502 545 3558 auriculis
562 3519 592 3570 9,
611 3503 655 3557 Ad
674 3502 812 3558 aurinum
829 3505 856 3558 (l.
