2392 3856
478 192 720 258 -198-

257 393 331 452 m
363 396 412 451 De
436 396 575 452 ceresio.

117 507 163 562 Pl.
258 511 360 575 Gerasi
393 513 487 575 viride
514 532 637 594 pomum
664 522 799 575 ventrem
817 524 944 577 umectat

93 584 290 684 ²³2⁷²·vocat,
307 602 425 669 aridum
444 604 536 664 siccat
556 611 587 665 et
606 603 729 665 detinet.
757 603 943 665 stomachor

192 692 330 772 trarium,
358 693 470 752 siccum
499 709 642 771 perquam
671 690 743 752 utile
766 693 921 772 accipitur.

192 779 260 841 dam
287 781 458 841 existimant
484 787 515 842 et
547 782 664 840 urinam
691 797 820 841 morere.
861 798 878 840 a
908 800 944 841 no

192 867 365 930 auctoribus
378 868 520 948 traditur,
538 871 564 929 si
577 887 664 930 mane
678 869 811 930 recentia
825 887 897 930 cum
909 888 944 932 su

191 955 330 1017 devorata
349 957 423 1038 sint,
446 957 544 1018 alvum
564 965 625 1018 tam
639 959 758 1037 copiose
778 956 928 1020 fluerent

192 1062 281 1104 causa
308 1047 398 1105 etiam
424 1045 516 1124 pedes
550 1045 655 1106 morbo
687 1045 815 1124 inpliciti
848 1045 944 1108 libere

108 1127 171 1182 Gal·
194 1149 232 1191 ex
253 1132 301 1193 his
328 1132 525 1213 diacerasion,
552 1134 633 1212 quod
661 1133 799 1194 omnihus
827 1143 931 1196 notum

85 1204 259 1280 xlmleno
282 1220 379 1301 placet
402 1240 462 1283 non
479 1241 569 1283 unam
592 1225 622 1282 in
643 1220 781 1283 omnibns
801 1225 898 1283 cerasi
916 1240 944 1302 pt

191 1311 345 1371 virtutem:
359 1327 427 1371 uam
441 1310 472 1372 in
487 1309 663 1391 quibusdam
673 1318 811 1370 austerus
822 1329 921 1393 sapor,
933 1313 944 1371 i

192 1398 259 1459 dam
269 1399 380 1481 acidus,
390 1400 420 1460 lu
431 1398 608 1479 quibusdam
619 1399 714 1461 dulcis
725 1407 856 1478 apparet.
876 1406 944 1460 etri

193 1487 229 1547 ad
243 1486 300 1547 hoc
310 1487 408 1549 valere
418 1495 452 1549 ut
460 1495 595 1548 ventrem
610 1489 823 1567 constringant,
837 1495 944 1548 stomat

193 1576 378 1636 confirment.
410 1576 493 1638 acida
511 1576 622 1637 iudicat
645 1575 781 1655 flegmate
800 1574 944 1636 abundan

193 1662 305 1724 machis
319 1673 480 1745 oportuna:
502 1681 571 1725 nam
585 1667 678 1744 magis
692 1667 805 1724 siccant
824 1671 855 1724 et
875 1682 944 1726 cras

192 1751 340 1814 densioris
363 1755 476 1814 umoris
498 1752 642 1814 incidunt.
679 1751 775 1812 dnloia
804 1753 941 1813 stomach

121 1837 160 1892 D·
196 1843 379 1923 pronuntiat,
394 1845 482 1903 citius
495 1850 594 1902 tamen
608 1860 664 1921 per
676 1843 816 1902 intestina
827 1840 944 1902 dessuer

85 1911 283 2033 &wimod
301 1938 428 1993 truncus
446 1930 623 2011 inlacrimat,
643 1935 830 2008 exasperatas
849 1932 944 1989 arteri

118 2164 175 2232 (81)
257 2157 346 2214 Gerasi
368 2159 453 2216 viride
475 2176 585 2232 pomum
608 2169 728 2217 ventrem
750 2160 890 2216 humectat
912 2167 943 2215 et

194 2240 296 2298 aridum
325 2243 408 2299 siccat
434 2251 463 2298 et
489 2241 602 2300 detinet.
645 2244 728 2301 viride
755 2245 898 2300 stomacho
927 2260 943 2299 c

193 2326 294 2382 siccum
309 2324 387 2384 utile.
417 2328 444 2382 iu
461 2327 513 2384 hoo
528 2343 609 2401 pomo
622 2336 677 2383 tres
693 2329 782 2383 inesse
793 2329 924 2383 virtutes:

194 2410 255 2466 dam
277 2417 404 2468 austerus
425 2427 521 2486 sapor,
544 2403 572 2467 in
594 2411 652 2468 aliis
675 2411 783 2483 acidus,
812 2413 838 2467 in
862 2410 944 2486 quibu

194 2497 242 2552 cis.
273 2504 380 2553 austera
397 2504 517 2553 ventrem
538 2497 724 2570 restringunt,
747 2496 917 2552 stomachum
934 2513 944 2552 c

194 2577 270 2637 acida
290 2581 391 2638 indicat
418 2580 545 2656 flegmate
566 2579 763 2638 abundantibus
786 2580 926 2637 stomacho

194 2677 255 2721 nem
282 2667 369 2740 magis
398 2667 500 2723 siccant
527 2673 556 2722 et
583 2664 788 2721 crassitudinem
817 2664 944 2720 densiori:

158 2901 200 2956 tit.
226 2900 333 2956 ceresio
350 2903 464 2972 pol(r)=
492 2918 587 2958 cereso
606 2904 631 2959 h.
705 2908 719 2954 1
739 2900 829 2955 viride
851 2902 918 2969 pot:

88 2970 280 3042 dsccipiatur
296 2973 523 3042 diethoerb.
578 2973 881 3042 demetrianum.
938 2980 944 3026 t

89 3043 292 3112 equibusdem
310 3041 334 3098 si
351 3043 378 3097 d.
433 3051 450 3100 d
469 3061 492 3099 c.
511 3062 533 3100 s.
552 3063 579 3099 n.
598 3044 784 3114 accipiuntur,
803 3045 863 3096 tam
883 3059 906 3097 c.
926 3059 944 3097 a

88 3119 104 3167 ‘l
123 3115 221 3169 morbo
239 3112 425 3184 in(im)pliciti
448 3116 516 3170 old:
544 3115 636 3171 morbi
651 3112 774 3185 inpliciti
792 3129 822 3182 p,
845 3113 944 3168 morbo

87 3183 133 3238 rb.
149 3186 155 3253 Ι
171 3184 327 3256 Fit-(16)
351 3184 471 3240 defluere
489 3201 540 3240 oso,
553 3187 581 3241 d.
649 3193 665 3241 8
684 3186 864 3240 diacemseon
880 3201 919 3254 po
930 3188 944 3253 (ὲ

88 3270 189 3309 tasson
206 3257 274 3325 Ην).
295 3261 300 3326 Ι
325 3256 442 3312 Golieno
460 3257 506 3310 hic
522 3258 581 3326 pc(
597 3259 616 3326 ).
676 3263 691 3311 9
710 3274 767 3311 non
789 3256 818 3310 in
837 3255 944 3310 omnib1

88 3327 149 3397 (sie)
173 3344 258 3382 unam
276 3343 336 3383 esse
353 3346 380 3383 v.
398 3329 443 3383 rh.
509 3334 542 3381 12
560 3344 627 3382 vero
645 3330 690 3397 pl:
713 3344 763 3383 om.
782 3328 827 3381 rb.
889 3332 922 3380 13
943 3329 944 3380 3

88 3396 166 3452 tibus
183 3414 230 3467 pc.
254 3399 258 3466 Ι
284 3398 436 3454 stomachis
455 3395 677 3468 (φλεγματώδεσι
697 3437 747 3452 ...
767 3393 917 3466 στομάχοις
936 3405 944 3451 t

88 3468 333 3539 mochopvlhb).
368 3474 429 3524 140
467 3469 610 3538 munspo.
650 3474 681 3523 15
691 3469 830 3524 incidunt:
850 3469 903 3521 καί
913 3488 940 3522 τι

90 3535 142 3592 κόν
161 3535 219 3608 ἔχει
237 3539 302 3596 dot.
358 3545 391 3594 l'l
411 3557 428 3595 o
448 3539 517 3595 time
535 3555 561 3610 p.
