2392 3856
520 181 562 188 -.
609 143 740 207 24⁴—

258 316 362 380 aulis.
392 324 509 385 cypero.
555 306 700 366 dracontii
728 325 829 367 semen
859 289 927 367 cum
955 307 1044 368 melle
1077 311 1149 388 pari·
1187 342 1190 379 ς

392 394 523 474 pondere
556 395 678 456 naribus
715 394 835 456 inditur.
895 396 951 456 hoe
989 399 1082 457 etiam
1118 400 1142 459 si
1184 410 1186 413 ’

277 494 363 558 30,31.
393 485 591 543 carcinomata
614 486 673 544 sint
692 483 837 543 emendat.
869 484 979 544 dicitur
997 485 1142 565 prodesse

394 573 445 649 qui
468 572 524 631 hoc
547 571 624 632 malo
647 571 802 633 vexabitur
820 581 853 634 ut
876 573 1031 633 osculetur
1054 592 1142 636 nares

393 658 549 720 mularum.

459 824 518 880 XI.
542 824 780 881 Destillationi.

159 944 258 1016 (aaut)
278 958 329 998 ora.
343 960 366 999 r.
462 942 543 1003 Cirris
567 950 711 1004 testarum
735 951 912 1003 ostrearum
925 946 955 1003 in
975 943 1043 1004 elbo
1067 963 1144 1025 pane

279 1039 366 1102 20,49.
395 1030 543 1109 colligitur
575 1034 606 1091 in
634 1032 755 1092 modum
787 1032 864 1092 salis.
907 1034 989 1111 porri
1022 1036 1146 1112 capitati

193 1127 207 1156 ’
225 1143 275 1182 om.
290 1144 312 1181 r.
395 1118 463 1179 lolia
495 1120 587 1180 cruda
619 1123 683 1180 siue
714 1139 790 1199 pane
824 1120 960 1181 eduntur.
1003 1123 1145 1182 caninum
1171 1156 1175 1163 ·

150 1198 255 1267 (Mam
269 1215 301 1266 Ρ·
321 1200 366 1266 8⁷)
396 1209 557 1286 corrigium
575 1227 737 1287 numquam
756 1216 879 1269 unctum
904 1208 1025 1269 utrilibet
1046 1209 1141 1286 digito

279 1299 366 1376 agat.
394 1299 425 1356 in
453 1315 543 1357 manu
571 1297 801 1375 circumligatur.
842 1304 959 1356 ostreae
992 1314 1060 1357 cum
1088 1315 1146 1358 sua

394 1394 471 1447 testa
493 1388 535 1445 ita
559 1393 592 1446 ut
616 1385 726 1460 electae
751 1393 821 1445 sunt
843 1388 874 1444 in
894 1383 1075 1445 carbonibus
1094 1404 1145 1446 co·

153 1480 283 1549 *(Μανο.
299 1481 316 1535 l.
331 1481 365 1550 c.)
395 1482 529 1553 quuntur
549 1482 579 1534 et
599 1477 630 1533 in
650 1473 715 1534 cibo
738 1473 854 1535 dantur.
892 1473 990 1533 oleum
1014 1473 1148 1535 calidum

394 1564 478 1623 eunti
519 1562 679 1622 dormitum
716 1564 746 1621 in
779 1561 936 1622 cerebrum
974 1562 1150 1624 infunditur

288 1664 366 1727 nata
395 1658 426 1711 et
448 1653 479 1710 in
502 1668 591 1710 nares
610 1653 744 1711 coicitur.
781 1652 812 1708 iu
831 1669 918 1710 manu
938 1641 1072 1711 dextera
1086 1651 1148 1712 duo

271 1736 366 1805 (om-t)
395 1739 479 1817 digiti
506 1738 596 1798 medii
623 1738 683 1798 lino
712 1738 819 1816 alligati
847 1741 926 1799 inter
953 1756 984 1797 se
1014 1738 1147 1800 destilla-

396 1829 507 1888 tionem
531 1835 732 1906 compescunt.

462 2010 539 2065 ΧΠ.
564 2009 639 2065 oras
661 2009 763 2064 utus.
1045 2025 1053 2036 1
1183 1978 1190 2083 l

280 2140 368 2202 aunt.
464 2127 532 2187 Oris
548 2144 683 2205 saporem
699 2128 899 2188 commendari
918 2127 1067 2188 affirmant
1080 2146 1147 2189 mu·

395 2209 460 2275 rinc
485 2217 585 2275 cinere
610 2233 679 2275 crim
702 2214 787 2275 melle
812 2216 1005 2276 si'lricentur
1028 2214 1146 2278 dentes.

180 2307 218 2364 ib.
283 2294 369 2379 2856.
398 2303 562 2364 admiscent
598 2304 716 2381 quidam
753 2306 858 2364 merati
894 2303 1017 2364 radices.
1063 2304 1146 2366 Nero
1186 2317 1190 2367 t

1186 2372 1190 2465 l

201 2500 215 2546 1
235 2491 380 2547 dracontei
398 2508 427 2561 9,
452 2491 604 2561 dragontee
623 2493 642 2546 d
665 2493 804 2559 (conteae
822 2509 847 2559 r,
871 2493 984 2560 Marc).
1059 2497 1076 2545 4
1094 2491 1147 2561 qui
1188 2500 1190 2507 '

127 2566 201 2633 goir:
220 2564 247 2618 ei
265 2564 314 2633 qui
332 2565 357 2619 b.
383 2565 387 2633 Ι
411 2562 441 2616 in
460 2563 514 2618 hoc
532 2564 558 2617 d.
622 2563 804 2619 imularnm.
833 2562 901 2618 alibi
914 2562 1064 2616 mulierum
1084 2563 1146 2632 (sic)
1188 2568 1190 2577 '

128 2636 147 2690 d
165 2635 246 2705 quasi
263 2651 296 2690 ea:
313 2636 396 2688 caria
415 2635 526 2688 lectione
544 2634 685 2703 adscripta
703 2635 737 2700 ef.
759 2635 851 2688 Marc.
865 2650 896 2702 p.
916 2639 972 2688 86ι-
992 2631 1044 2686 Oui
1062 2649 1147 2688 nares
1188 2661 1190 2683 t

127 2705 274 2759 foetebant
293 2703 495 2759 remediabitur
517 2703 541 2757 si
559 2721 639 2758 nares
658 2703 728 2757 muli
751 2705 899 2759 osculetur.
933 2703 1063 2758 similiter
1081 2720 1147 2773 pro-

128 2775 202 2829 derit
224 2774 336 2828 mulieri
361 2774 386 2828 si
410 2790 492 2828 nares
521 2775 615 2828 mulae
642 2774 794 2828 basiaverit
821 2776 912 2842 (nares
935 2773 1057 2828 mulinas
1085 2775 1149 2830 siste
1188 2802 1190 2833 ι

128 2846 287 2900 discrimine
306 2844 403 2912 Ptin).
457 2845 499 2898 tit.
517 2843 559 2897 Da
578 2843 762 2899 distillatione
780 2861 810 2914 9,
829 2845 874 2899 Ad
892 2844 1109 2899 distillationem
1118 2845 1148 2913 d,

130 2917 174 2971 Ad
203 2914 388 2970 stillationem
411 2914 519 2968 narium
543 2930 577 2967 ex
600 2915 717 2968 humore
736 2932 759 2972 r.
832 2918 1024 2971 dostraornm
1045 2931 1072 2984 9.

130 2985 267 3041 8caninir
286 2984 558 3055 cordgiu...unctir
576 3001 606 3054 9:
630 2985 1022 3069 canina-conigia...uncta
1039 2986 1090 3040 db.
1110 2987 1147 3054 ef.
1187 3030 1190 3060 1

131 3058 223 3112 Marc.
243 3055 363 3125 corrigio
386 3056 484 3111 canino
507 3054 572 3108 rudi
589 3072 641 3110 nec
664 3074 786 3126 unquam
809 3059 903 3112 vincto
927 3056 1049 3125 quilibet
1072 3056 1147 3127 digi-
1187 3072 1190 3085 ¹

128 3125 341 3196 tus...ligatus
370 3127 413 3195 (de
431 3144 491 3182 eun.
515 3128 636 3197 corrigia
659 3128 694 3195 ef.
715 3128 791 3183 Plio.
811 3129 910 3196 30,35.)
984 3133 1015 3181 11
1037 3126 1149 3183 eiectae

129 3199 199 3250 rom.
225 3200 229 3266 l
260 3197 315 3252 sini
337 3214 362 3268 9.
436 3204 471 3252 14
495 3197 632 3252 conicitur
654 3201 673 3254 d
698 3199 744 3268 (b).
826 3198 928 3254 tit'De
948 3198 1004 3253 oris
1022 3197 1101 3253 vitiis
1119 3214 1146 3267 9,

129 3268 174 3320 Ad
194 3268 248 3323 oris
267 3268 370 3323 vicium
389 3269 415 3323 d.
490 3273 521 3323 17
542 3269 687 3325 amandari
708 3270 768 3325 drb
792 3271 896 3338 (Mare.
916 3272 975 3338 88):
1004 3284 1146 3324 comman-

130 3337 191 3392 dari
208 3356 226 3409 9
245 3340 322 3409 (Pu).
378 3345 411 3393 19
430 3339 531 3394 morati
545 3341 581 3394 rt
600 3342 646 3409 (cf.
668 3341 722 3408 Pt,
740 3340 857 3395 maratri
873 3340 968 3394 Torta.
987 3340 1019 3394 iat
1031 3341 1146 3409 maram

130 3411 226 3466 mariti
243 3428 273 3480 9,
302 3410 436 3467 tamarice
454 3409 550 3465 mariti
578 3412 637 3480 (sic)
662 3412 687 3466 d.
714 3416 718 3476 Ι
743 3411 818 3466 Nero
829 3413 858 3481 (t)
877 3411 972 3482 adab:
1000 3426 1078 3465 mero
1100 3410 1146 3466 Pl.

136 3481 214 3550 ‘quod
232 3484 300 3554 qaut
317 3483 480 3555 restituatur
496 3483 610 3550 impedit
627 3481 749 3552 frigida).
903 3517 906 3522 -
